3351 5463
1226 405 1724 454 Ams'rornmns.
1751 434 1760 443 -
2540 387 2671 456 273

378 571 489 638 Vs.
541 571 691 637 562.
742 567 853 636 εἶθ’
904 568 1066 643 ὅπως
1115 574 1559 651 λιταργιοῢμεν
1608 570 1862 638 οἴκαδ’
1911 573 1993 644 ἐς
2041 572 2142 637 τά
2187 571 2452 653 χωρία

654 756 665 764 ·
744 676 1215 754 ἐμπολήσαντές
1262 701 1322 741 τι
1371 678 1639 758 χρηστὸν
1688 681 1803 750 εἷς
1853 679 2106 759 άγρὸν
2155 679 2555 760 ταρίχιον.

294 783 382 848 Ob
422 782 880 875 abundantiam
921 783 1108 850 valde
1148 789 1518 869 suspectum
1558 783 1872 868 hodieque
1904 785 2104 850 habeo
2128 786 2322 850 verba
2345 786 2432 856 εἰς
2461 785 2669 863 άγρὸν.

293 888 463 953 Olim
510 892 812 974 proposui
860 890 939 953 οὐ
988 889 1122 970 (vel
1170 891 1301 970 κού)
1350 891 1649 969 σαπρὸν
1697 889 1899 975 (quali
1943 890 2108 955 belli
2148 896 2432 976 tempore
2470 911 2675 958 vesce-

291 996 565 1074 bamur).
638 991 733 1061 Cf.
796 996 1123 1081 imprimis
1185 995 1375 1061 Ach.'
1418 994 1613 1074 1101,
1687 997 1800 1061 ubi
1869 994 2228 1062 Lamachus
2291 1000 2359 1061 in
2427 996 2672 1063 bellum

292 1101 724 1184 profecturus:
788 1103 937 1180 θρῖον
991 1100 1390 1182 ταρίχους
1440 1097 1565 1165 οἶσε
1614 1101 1816 1180 δεῦρο,
1867 1109 2022 1181 παῖ,
2072 1106 2404 1182 σαπροῦ.
2453 1102 2671 1168 Possis

293 1209 487 1270 etiam
534 1206 611 1269 ἐν
661 1208 944 1290 άγορᾷ.
993 1205 1438 1271 Nihilominus
1486 1206 1623 1272 fieri
1668 1212 1879 1292 potest
1925 1213 1998 1278 ,ut
2045 1209 2150 1272 1110
2165 1191 2191 1284 ,’
2224 1230 2349 1274 non
2389 1230 2484 1274 vs.
2516 1207 2669 1287 536,

292 1311 449 1376 olim
517 1311 685 1376 lecta
754 1313 952 1379 fuerit
1020 1315 1199 1378 varia
1262 1313 1452 1378 lectio
1518 1335 1618 1398 ap.
1685 1312 1880 1378 schol.
1952 1314 2040 1385 εἷς
2114 1312 2302 1378 ἲπνόν.
2381 1313 2673 1392 Quonam

290 1437 475 1482 sensu
521 1416 798 1504 Blaydes
846 1418 947 1482 καὶ
999 1419 1233 1499 σαπρὸν
1280 1421 1647 1496 coniecerit,
1697 1439 1955 1504 prorsus
2000 1441 2106 1484 me
2150 1419 2330 1485 latet.
2391 1419 2672 1507 Egregie

287 1543 435 1588 vero
492 1522 671 1588 idem
717 1545 857 1589 rem
902 1526 1106 1610 gessit
1153 1545 1249 1590 vs.
1304 1523 1435 1589 612
1482 1527 1560 1596 ὥς
1609 1522 1894 1602 δ’ἅπαξ
1940 1526 2008 1591 τὸ
2060 1533 2288 1606 πρῶτον
2339 1526 2671 1607 deposta·

290 1627 606 1710 ἐψόφησεν
648 1627 937 1706 ἄμπελος
977 1631 1294 1716 corrig-ens
1332 1651 1446 1715 pro
1487 1629 1761 1694 absurda
1796 1631 2111 1695 librorum
2142 1631 2412 1698 lectione
2439 1631 2671 1697 ἄκοντ’.

378 1846 487 1912 Vs·
541 1843 693 1912 56¹7.
744 1843 821 1910 αἵ
856 1872 926 1912 τε
975 1847 1246 1925 θρίνακες
1296 1846 1727 1923 διαστίλβουσι
1778 1848 1927 1927 πρὸς
1975 1848 2079 1912 τὸν
2127 1846 2311 1924 ἥλιον.

745 1948 782 2026 ἦ
828 1959 1036 2039 καλῶς
1084 1955 1342 2018 αὐτῶν
1390 1953 1823 2028 ἀπαλλάξειεν
1870 1953 1946 2020 ἂν
1992 1955 2340 2037 μετόρχιον.

288 2058 358 2123 Si
439 2079 591 2124 vera
674 2065 767 2124 est
852 2057 1145 2144 vulgaris
1207 2060 1401 2124 huius
1463 2059 1588 2125 loci
1649 2054 2094 2146 interpretatio
2113 2109 2129 2138 ‚
2216 2082 2343 2126 non
2406 2061 2670 2147 expedio

289 2166 669 2248 genetivum
734 2166 955 2242 αὐτῶν,
1022 2185 1136 2249 pro
1184 2186 1309 2250 quo
1358 2167 1611 2248 requiro
1658 2166 2050 2237 αὐτοῖς-τ
2076 2165 2149 2229 δι’
2199 2167 2420 2230 αὐτῶν.
2494 2166 2675 2251 Inge-

287 2271 465 2333 niose.
512 2268 584 2333 Ο.
636 2267 980 2334 Schneider
1027 2268 1233 2333 αὔων
1280 2272 1440 2351 (imo
1490 2267 1677 2353 αὔων)
1727 2271 2341 2349 άπαλλάξειαν.

381 2469 491 2535 Vs.
544 2468 697 2535 634.

564 2577 715 2640 άλλ·
764 2571 869 2640 ἅτ’
914 2575 1009 2657 ὢν,
1043 2573 1189 2642 ἄνευ
1235 2575 1553 2657 γιγάρτων
1600 2577 1707 2641 καὶ
1756 2583 2017 2657 φιλῶν
2061 2578 2182 2650 τὰς
2219 2577 2508 2656 ’ἰσχάδας

564 2681 832 2760 ἔβλεπον
880 2682 1027 2763 πρὸς
1076 2685 1217 2756 τοὺς
1264 2681 1607 2763 λέγοντας·
1660 2684 1789 2750 κτὲ.

290 2787 453 2853 Fero
495 2787 755 2873 quidem
800 2795 1021 2869 φιλῶν,
1070 2789 1179 2854 sed
1222 2790 1417 2877 longe
1463 2790 1692 2855 malim
1740 2814 1832 2855 πο
1853 2792 1880 2855 θ
1901 2791 1942 2855 ὦ
1963 2814 2024 2869 ν,
2074 2790 2446 2855 desiderans.

383 3004 491 3071 Vs.
543 3004 695 3070 688.

474 3109 671 3175 Mero.
722 3112 853 3183 πῶς
900 3108 998 3175 οὖν
1045 3107 1298 3186 ξυνοίσει
1346 3114 1531 3178 ταῦτ’
1578 3113 1769 3196 ἐρωτᾷ
1819 3122 1897 3195 τῇ
1945 3112 2142 3177 πόλει.

475 3214 675 3302 Tryg.
724 3215 1145 3297 εὐβουλότεροι
1194 3217 1602 3295 γενησόμεθα.
1651 3217 1849 3283 Mero.
1899 3218 2156 3299 τρόπῳ
2203 3218 2282 3283 τί
2298 3239 2400 3296 νι;

475 3319 675 3407 Tryg.
725 3319 816 3387 ὅτι
866 3321 1180 3404 τυγχάνει
1230 3322 1694 3409 (Hyperbolus)
1742 3323 2107 3403 λυχνοποιὸς
2153 3324 2248 3387 ὥν.

293 3425 517 3491 Verbis
578 3430 668 3492 sic
730 3427 958 3493 divisis
978 3476 994 3505 ,
1060 3428 1283 3494 dubito
1344 3450 1504 3493 num
1565 3428 1754 3513 plane
1814 3431 2166 3493 necessaria
2230 3431 2313 3493 sit
2360 3427 2674 3492 Dindorfii

295 3536 601 3599 correctio
665 3535 779 3598 τίνι
833 3534 1068 3613 τρόπῳ,
1120 3534 1259 3599 coll.
1308 3533 1482 3599 Plut.
1541 3531 1712 3600 1057
1763 3534 2018 3599 παιδιὰν
2065 3535 2242 3613 τίνα;
2294 3525 2408 3599 εεᾶ
2448 3532 2676 3599 Veneti

297 3638 432 3703 cod.
495 3638 685 3704 lectio
747 3637 949 3717 τρόπῳ
1011 3638 1162 3716 τινὶ,
1217 3642 1259 3704 1.
1288 3661 1341 3705 e.
1392 3642 1645 3723 quodam
1692 3642 1894 3718 moda,
1944 3662 2095 3705 vera
2141 3661 2276 3705 esse
2322 3644 2568 3725 potest,
2617 3642 2673 3704 si

297 3744 491 3808 verba
549 3742 967 3824 εὐβουλότεροι
1013 3780 1094 3790 -—
1140 3740 1231 3809 ὅτι
1296 3745 1606 3824 τυγχάνει
1663 3745 1792 3809 κτὲ.
1863 3743 2158 3831 Trygaeo
2207 3748 2675 3810 continuamus.

296 3848 587 3913 Difficffis
634 3855 730 3941 est
777 3850 987 3934 optio,
1054 3848 1164 3913 sed
1208 3855 1423 3914 tamen
1472 3849 1759 3937 vulgaris
1807 3851 2040 3916 divisio
2089 3855 2348 3936 propter
2393 3851 2679 3917 alacrita-

298 3959 431 4020 tem
476 3955 882 4039 praeferenda
935 3955 1206 4026 videtum

387 4156 493 4221 Vs.
545 4156 695 4222 693.
746 4155 875 4223 οἶά
921 4160 992 4234 μ’
1042 4156 1358 4221 ἐκέλευσεν
1406 4157 1823 4226 ἀναπυθέσθαι
1874 4181 2000 4223 σου.
2051 4158 2249 4244 Tryg.
2299 4158 2398 4222 τά
2448 4161 2527 4223 τί
2544 4180 2561 4238 ;

298 4260 674 4349 Rectissime
743 4266 820 4328 τί
838 4288 867 4327 ν
885 4284 963 4341 α;
1036 4266 1257 4347 reponi
1323 4266 1516 4329 iussit
1584 4264 1852 4342 Reiske3
1929 4284 2226 4349 perversa
2297 4270 2517 4329 autem
2587 4269 2682 4330 est

300 4367 495 4433 altera
556 4372 695 4436 eius
758 4366 821 4434 et
866 4366 1179 4433 Dindorfii
1226 4371 1590 4434 coniectura
1636 4370 1705 4433 τὸ
1755 4369 1819 4433 τί
1833 4390 1848 4447 ;
1898 4391 2024 4435 11011
2072 4373 2329 4433 tantum
2375 4371 2456 4434 ob
2505 4390 2682 4455 prae-

300 4494 591 4558 gressum
637 4498 664 4539 0
683 4469 795 4551 Ῑα,
844 4474 955 4539 sed
1003 4476 1200 4539 etiam
1246 4476 1326 4540 ob
1372 4474 1683 4539 Mercurii
1724 4494 2132 4559 responsum:
