3351 5463
1053 386 1447 438 aucunsmmi
1495 386 1921 437 mmmmm.
2543 366 2671 431 411

289 552 648 619 Aristarchi
725 554 1344 619 circumferebantur
1423 552 1697 619 Homeri
1766 550 2157 635 exemplaria
2225 550 2329 615 vel
2394 552 2533 635 ipsa
2603 570 2683 614 ex

289 660 510 725 Attica
571 658 841 724 oriunda
897 660 1172 737 fuerint,
1222 658 1329 725 vel
1374 659 1675 724 fluxerint
1723 679 1803 722 ex
1848 656 2231 742 apographis
2277 656 2531 720 Atticis.
2596 655 2683 719 At

291 785 496 850 neque
545 767 982 829 certissimum
1027 765 1182 843 hoc,
1230 785 1436 849 neque
1479 764 1626 829 inde
1671 765 1965 848 sequitur
2001 767 2076 826 ut
2113 762 2385 826 Athenis
2422 762 2683 826 demum

293 873 530 955 scripto
601 873 732 935 sint
801 873 1173 955 consignata
1243 873 1526 935 carmina
1560 928 1565 933 .
1595 868 1814 953 Epica.
1878 867 2047 932 Nam
2108 870 2171 931 in
2236 866 2413 932 Ionia
2474 868 2571 932 fac
2616 867 2684 931 id

297 979 582 1043 evenisse
599 1024 617 1054 ‚
663 996 778 1060 per
820 975 1091 1061 longum
1139 979 1364 1061 utique
1412 980 1668 1060 tempus
1716 976 1860 1059 quis
1904 974 2191 1037 monitus
2238 971 2487 1036 dubitet
2532 974 2687 1056 quin

300 1082 816 1167 apographorum
876 1102 1184 1146 numerus
1243 1084 1520 1167 exiguus
1581 1078 1821 1144 fuerit?
1886 1081 2041 1163 quin
2100 1080 2169 1141 in
2224 1076 2686 1162 rhapsodorum

299 1189 709 1271 potissimum
773 1186 1096 1251 confectus
1155 1182 1392 1251 usum?
1459 1187 1611 1269 quin
1677 1183 1911 1268 reliqui
1954 1185 2245 1248 homines
2290 1182 2419 1247 fere
2467 1182 2687 1246 audire

300 1314 426 1357 non
463 1290 679 1377 legere
725 1294 1007 1356 carmina
1051 1290 1223 1356 soliti
1267 1288 1552 1355 fuerint?
1596 1290 1889 1354 Exeunte
1936 1287 2189 1353 saeculo
2230 1309 2287 1352 a.
2338 1285 2487 1353 Gh'r.
2529 1310 2591 1351 n.
2634 1284 2688 1350 V

302 1402 630 1483 exportata
669 1402 918 1461 constat
955 1395 1289 1462 volumina
1327 1397 1564 1480 scripta
1599 1416 1803 1479 usque
1840 1396 1909 1457 in
1947 1394 2231 1459 Pontum
2253 1392 2588 1457 Euxinum
2614 1390 2687 1473 1).

303 1502 421 1568 Sed
457 1502 790 1587 aliquanto
827 1504 1006 1587 prius
1043 1502 1196 1565 urbs
1236 1501 1731 1579 Atheniensium
1752 1548 1769 1579 ,
1812 1520 1973 1583 quae
2010 1497 2283 1564 Homeri
2319 1496 2534 1563 studio
2557 1500 2689 1561 iam

302 1612 442 1673 ante
481 1606 649 1673 bella
678 1608 934 1671 Persica
955 1609 1230 1693 insignis
1252 1606 1379 1670 fuit
1395 1654 1412 1685 ,
1451 1609 1747 1670 omnium
1771 1607 2013 1670 artium
2035 1604 2505 1684 studiosissima
2525 1602 2693 1667 facta

305 1715 366 1777 et
425 1711 740 1778 scribendi
799 1713 864 1777 et
924 1710 1182 1797 legendi
1239 1710 1458 1799 ardore
1503 1713 1598 1775 ita
1643 1708 1949 1775 excellere
1996 1710 2208 1793 coepit
2252 1714 2327 1772 ut
2372 1710 2486 1774 vix
2514 1706 2691 1772 alibi

303 1821 638 1903 scriptores
697 1815 1006 1903 praeclari
1069 1806 1146 1881 et
1195 1810 1436 1881 nobiles
1497 1816 1721 1881 florere
1783 1815 2171 1881 viderentur.
2238 1813 2404 1893 Quid
2450 1814 2694 1877 mirum

302 1925 508 2009 igitur
557 1924 614 1988 si
659 1924 858 1987 etiam
903 1922 1314 1988 librariorum
1360 1924 1544 2007 copia
1591 1942 1664 1987 ea
1712 1922 1863 1986 urbs
1902 1925 2056 1984 tunc
2096 1917 2458 1984 abundabat
2475 1967 2491 1996 ,
2540 1920 2694 1982 haec

303 2033 522 2093 autem
569 2028 852 2094 Homero
900 2048 1150 2113 quoque
1197 2029 1457 2113 egregie
1505 2024 1841 2117 proderat?
1892 2046 2085 2110 quem
2130 2027 2398 2089 minime
2436 2028 2695 2117 propter

305 2139 526 2221 poetas
565 2136 944 2199 recentiores
983 2136 1046 2198 in
1095 2138 1541 2218 contemptum
1580 2135 1833 2199 venisse
1871 2130 2193 2216 permulta
2230 2150 2343 2195 nos
2368 2129 2593 2194 docent
2621 2127 2693 2209 ²).

307 2239 476 2319 Quid
520 2242 577 2303 si
620 2239 883 2304 florente
925 2240 1019 2305 ibi
1063 2239 1376 2305 librorum
1421 2244 1781 2305 mercatura
1830 2240 1895 2302 et
1931 2238 2056 2302 alia
2094 2235 2425 2303 volumina
2460 2235 2697 2318 scripta

309 2348 373 2411 et
432 2348 796 2410 carminum
857 2348 1184 2431 epicorum
1229 2344 1620 2430 exemplaria
1667 2364 1781 2429 per
1826 2342 2161 2409 Graeciam
2208 2347 2483 2407 ceteram
2530 2359 2699 2424 spar-

309 2447 672 2537 gebantur?
727 2450 895 2530 Quid
943 2453 1000 2516 si
1044 2454 1214 2516 intra
1259 2453 1542 2537 spatium
1591 2449 1869 2515 duorum
1914 2447 2312 2514 saeculorum
2322 2494 2341 2525 ,
2392 2446 2583 2531 quod,
2607 2448 2699 2509 in-

309 2698 498 2748 genera,
527 2682 589 2730 αἱ
615 2681 778 2731 κοιναί
799 2682 1118 2748 (notabo-epau)
1138 2678 1414 2747 ὁδημιιιίὂ“ειι,·,
1444 2677 1742 2743 εἶκαιότερὰι
1780 2684 1829 2731 et
1864 2680 1925 2729 αἱ
1955 2679 2280 2745 χαριέστεραι
2300 2678 2702 2745 (χαριέσταται),
2807 2710 2810 2713 -

310 2763 686 2828 ἀκριβέστεραι,
722 2763 920 2827 μέτριαι
955 2765 1039 2829 (cf.
1075 2765 1232 2814 Schol.
1273 2766 1390 2815 Ven.
1437 2767 1495 2814 ad
1539 2771 1572 2812 B
1605 2768 1667 2815 53
1715 2769 1764 2814 et
1809 2766 2023 2830 passim).
2083 2765 2252 2814 Illae
2300 2765 2425 2814 unde
2471 2764 2702 2820 oriundae

311 2851 466 2898 essent
517 2863 689 2913 operae
743 2848 954 2912 pretium
1010 2863 1107 2896 nou
1151 2851 1256 2896 erat
1299 2849 1496 2906 addere,
1558 2847 1829 2914 complures
1880 2855 2039 2898 autem
2089 2847 2140 2896 in
2192 2847 2261 2896 eis
2314 2851 2451 2896 erant
2502 2848 2701 2896 fortasse

315 2929 516 2978 Athenis
551 2929 792 2980 oriundae.
832 2931 988 2989 Hae,
1020 2929 1061 2978 si
1095 2945 1189 2992 qua
1221 2929 1465 2991 dominum
1500 2929 1732 2978 habuerat
1768 2930 2014 2994 aliquanto
2042 2929 2377 2989 illustriorem,
2405 2928 2703 2978 instrueban-

316 3012 398 3060 tur
430 3011 574 3060 huius
603 3011 822 3070 nomine,
859 3015 971 3060 sunt
1005 3015 1165 3061 autem
1193 3011 1282 3059 hae
1313 3009 1373 3059 αι’
1395 3011 1514 3059 κατ’
1542 3007 1695 3073 ἄνδρα
1730 3007 1948 3068 ἐκδόσεις
1982 3011 2081 3060 sive
2117 3007 2412 3072 διορθώσεις-ς
2453 3011 2493 3060 si
2529 3011 2703 3069 minus,

327 3095 409 3140 sut
459 3091 502 3140 si
553 3107 747 3156 prorsus
796 3092 1014 3156 ignotum
1029 3130 1042 3153 ,
1084 3091 1340 3140 indebatur
1388 3107 1562 3145 nomen
1609 3093 1821 3142 civitatis
1866 3093 1989 3142 unde
2039 3093 2369 3142 Alexandriam
2402 3091 2551 3140 allata
2586 3095 2705 3142 erat.

329 3171 462 3222 Inter
521 3173 605 3222 has
654 3173 903 3223 manifesto
946 3174 1080 3223 nulla
1125 3177 1197 3222 est
1239 3189 1360 3238 quse
1407 3191 1502 3224 non
1557 3175 1851 3240 potuerit
1906 3174 2111 3222 Athenis
2157 3173 2411 3238 importari
2466 3174 2517 3221 in
2570 3174 2707 3222 illam

329 3253 478 3318 ipsam
512 3254 757 3304 civitatem
792 3257 914 3304 unde
947 3256 1286 3305 Alexandriam
1321 3258 1588 3306 afferretur.
1637 3257 1777 3306 Inter
1810 3256 1906 3312 τὰς
1936 3255 2053 3303 κατ’
2084 3251 2233 3315 ἄνδρα
2268 3253 2470 3305 Athenis
2505 3255 2709 3303 oriunda

331 3325 500 3382 certe
541 3334 670 3384 fuit
713 3333 742 3390 ᾗ
779 3334 1168 3397 Ἀριστοτέλους
1202 3338 1301 3386 sive
1335 3335 1364 3392 ἧ
1403 3335 1458 3386 ἐκ
1491 3339 1584 3386 τοῦ
1619 3335 1871 3398 νάρθηκος,
1918 3337 2195 3385 fortasse
2242 3335 2438 3384 fuerunt
2482 3333 2513 3390 ἡ
2559 3342 2708 3384 Σωσι-

333 3413 503 3475 γένους
550 3419 600 3464 st
646 3414 674 3471 ἦ
721 3415 996 3478 Φιλήμονος
1023 3435 1118 3472 nec
1150 3434 1246 3468 non
1279 3417 1308 3474 ἦ
1345 3417 1685 3480 Ἀντιμάχου,
1717 3416 1746 3474 ἥ
1784 3416 1989 3474 Ῥιάνου,
2027 3415 2056 3473 ἦ
2096 3415 2381 3474 Ζηνοὸάτου,
2414 3417 2443 3472 ἡ
2482 3416 2709 3478 Ἀριστο-

340 3493 534 3554 φάνους.
583 3497 682 3545 Cur
729 3499 856 3548 enim
894 3515 964 3548 ex.
1001 3515 1074 3564 gr.
1121 3499 1434 3549 Antimachus
1478 3504 1620 3564 poeta
1663 3500 1991 3564 Colophonius
2032 3513 2129 3548 non
2176 3499 2336 3563 potuit
2370 3499 2467 3547 suis
2501 3499 2709 3548 nummis

344 3590 493 3626 emere
525 3579 764 3644 exemplar
797 3581 1063 3630 carminum
1098 3582 1246 3631 Hom.
1283 3583 1486 3631 Athenis
1518 3583 1821 3632 confectum?
1856 3583 1984 3631 Nam
2012 3582 2139 3645 quod
2167 3580 2443 3630 Antimachi
2472 3580 2713 3645 exemplar

345 3656 502 3707 Ionica
543 3661 779 3725 scriptura
822 3663 1086 3712 recentiore
1123 3668 1370 3713 exaratum
1403 3663 1548 3714 fuisse
1585 3664 1776 3713 videtur
1812 3664 1895 3727 (cf.
1932 3665 2190 3712 vLeeuwen
2223 3663 2419 3712 Euchir.
2455 3663 2582 3713 Dict.
2621 3664 2710 3729 Ep.

348 3751 391 3800 p.
425 3742 594 3805 nvn),
626 3742 676 3791 id
709 3744 905 3794 minime
936 3750 1104 3794 contra
1139 3762 1212 3794 me
1249 3747 1376 3796 valet
1410 3752 1773 3810 argumentum,
1809 3763 1917 3796 cum
1950 3749 2135 3795 constet
2168 3749 2274 3794 tum
2306 3760 2416 3794 cum
2454 3746 2711 3810 Euripides

350 3817 478 3868 daret
505 3821 710 3887 fabulam
745 3825 964 3876 Theseum
996 3827 1134 3876 illam
1163 3828 1487 3878 litteraturam
1516 3829 1720 3877 Athenis
1747 3829 1840 3878 iam
1873 3827 2204 3893 pervulgatam
2219 3827 2364 3875 fuisse
2382 3827 2471 3889 (l.l.
2490 3843 2536 3891 p.
2557 3831 2711 3890 xlm).

355 3897 496 3962 Ergo‘
517 3918 607 3952 non
650 3908 720 3954 est
756 3908 892 3956 valde
925 3909 1196 3959 mirandum
1232 3911 1358 3974 quod
1391 3910 1518 3959 inter
1551 3911 1649 3967 τὰς
1683 3909 1783 3958 ἀπὸ
1820 3915 1916 3959 τῶν
1952 3911 2141 3958 πόλεων
2172 3907 2389 3965 ἐκδόσεις
2424 3909 2558 3958 nulla
2586 3922 2713 3959 com·

359 3987 638 4034 memoratur
671 3986 898 4046 Ἀττική.
935 3989 998 4038 Ἣ
1032 3989 1243 4048 κυκλικῆ
1261 3999 1326 4040 -et
1356 3989 1384 4046 ἦ
1414 3989 1763 4054 vrowa-vexor,
1792 3991 2026 4055 quidquid
2060 3991 2336 4054 ceteroquin
2370 3991 2485 4038 haec
2520 3991 2713 4040 nomina

359 4060 533 4121 valent,
562 4065 780 4117 videntur
807 4071 866 4118 ad
896 4071 990 4128 τὰς
1029 4070 1308 4133 καινοτέρας
1341 4072 1609 4136 pertinere,
1645 4089 1753 4122 cum
1788 4073 2005 4122 additum
2039 4088 2135 4122 non
2170 4072 2235 4121 sit
2268 4075 2351 4120 aut
2385 4071 2596 4120 civitatis
2628 4075 2715 4121 aut

361 4139 530 4191 domini
572 4161 755 4198 nomen.
791 4177 858 4188 --
889 4152 1086 4202 Publice
1131 4155 1387 4203 recensitas
1435 4169 1532 4203 esse
1567 4155 1664 4212 τὰς
1697 4151 1752 4203 ἐκ
1787 4160 1883 4210 τῶν
1919 4157 2105 4204 πόλεων
2144 4150 2364 4211 ἐκδόσεις
2399 4169 2570 4218 parum
2605 4170 2716 4218 pro-

359 4217 566 4272 babiliter
597 4234 751 4279 censet
785 4232 1067 4300 Bernhardy
1101 4235 1292 4284 Griech.
1327 4236 1452 4285 Litt.
1485 4237 1538 4285 Ι*
1578 4253 1622 4301 p.
1663 4239 1759 4286 332
1793 4253 1946 4301 neque
1973 4237 2128 4295 aliter,
2162 4236 2203 4284 si
2236 4243 2359 4284 recte
2387 4239 2541 4296 teneo,
2570 4236 2715 4286 Flach

356 4297 422 4350 l.l.
455 4318 500 4366 p.
532 4307 609 4356 34.
643 4311 822 4361 Contra
853 4315 960 4364 vide
992 4316 1090 4366 iam
1124 4318 1269 4367 Wolf.
1306 4319 1496 4382 Proleg.
1532 4335 1578 4383 p.
1613 4333 1811 4370 cmxxvi.

423 4381 476 4442 ,1)
508 4383 716 4454 Xenoph.
750 4394 896 4446 Anah.
936 4396 1034 4446 VII
1070 4414 1108 4448 c.
1147 4402 1176 4448 5
1213 4401 1332 4462 512.

421 4461 472 4524 2)
504 4465 574 4515 ct.
609 4471 861 4526 vLeenwen
894 4478 1044 4530 Ench.
1079 4480 1207 4531 Dict.
1241 4480 1328 4546 Ep.
1363 4497 1396 4546 p
1428 4494 1498 4532 Lu
1531 4498 1634 4550 sqq.
