3351 5463
640 348 769 414 102
1582 367 2084 417 ARISTOPEANRS.

1132 533 1637 611 πολυύμνοις
1689 536 1748 597 ἐν
1798 531 1996 612 ἕδραις
2049 534 2252 598 ἐνθάδε
2303 534 2504 599 ναίων.

635 638 733 705 Of.
796 639 916 724 Eq.
980 661 1074 704 VS.
1129 639 1302 705 1328
1373 648 1518 712 ταῖς
1590 642 1958 719 ἀρχαίαισιν
2030 641 2314 714 Ἀθήναις
2370 642 2383 727 Ι
2441 640 2544 703 καὶ
2617 641 3028 715 θαυμασταῖς

635 746 740 810 καὶ
808 745 1199 823 πολυύμνοις.
1269 745 1786 832 Intellegendum
1847 752 2067 812 autem
2129 752 2226 812 est
2273 747 2495 811 fanum
2542 745 2711 829 quod
2756 744 3026 810 Iacchus

632 851 906 916 habebat
942 854 1011 914 in
1047 849 1375 917 Ceramico
1412 854 1507 930 (τὸ
1532 857 1888 931 Ἰακχεῖον),
1937 873 2090 917 nam
2133 856 2227 917 ita
2273 874 2440 916 nunc
2485 851 2842 936 loquuntur
2879 871 3032 935 my·

634 963 768 1021 stae
818 959 887 1020 in
926 956 1151 1042 Elysio
1194 957 1495 1042 degentes
1538 962 1614 1021 ut
1652 956 1833 1043 loqui
1872 958 2160 1024 solebant
2201 959 2357 1022 dum
2393 960 2564 1021 inter
2602 958 2787 1022 vivos
2825 959 3028 1019 erant.

725 1169 828 1233 Vs,
874 1168 1005 1233 554
1054 1167 1357 1255 Caupona
1374 1218 1390 1247 ,
1430 1173 1631 1253 cuius·
1656 1170 2098 1235 deversorium
2136 1169 2449 1234 Hercules
2492 1169 2651 1235 olim
2685 1168 3027 1253 expilavit,

631 1280 799 1341 inter
859 1276 1045 1361 plura
1103 1295 1265 1359 quae
1326 1275 1598 1362 gulosus
1659 1277 1848 1340 heros
1907 1282 2063 1340 tunc
2128 1276 2482 1361 deglutivit
2548 1274 2692 1352 κρέα
2742 1279 3032 1339 recenset

635 1381 984 1461 οὶναβραοτ’
1035 1380 1251 1446 εἴκοσιν
1291 1382 1304 1467 1
1346 1379 1445 1443 ἀν’
1492 1381 1937 1457 ἡμιωβολιαῖα.
1989 1380 2116 1446 Sed
2155 1380 2396 1445 soloece
2435 1384 2525 1445 sic
2561 1379 2848 1445 locutam
2891 1400 3034 1443 esse

634 1486 1086 1553 mulierculam
1130 1486 1513 1572 inquilinam
1562 1490 1732 1551 inter
1776 1487 2066 1552 homines
2117 1488 2362 1551 Atticos
2403 1486 2743 1571 degentem
2783 1491 2862 1549 ut
2901 1505 3036 1549 cre-

637 1594 785 1658 dam
844 1615 971 1658 non
1033 1614 1070 1657 a
1130 1613 1235 1656 me
1298 1584 1611 1676 impetro,
1661 1613 1894 1677 parum
1943 1596 2119 1657 enim
2167 1593 2246 1657 ad
2294 1592 2645 1657 molestum
2690 1591 2855 1655 illud
2905 1588 3032 1653 οἶνοί

635 1699 981 1764 tutandum
1022 1702 1289 1782 prosunt
1326 1718 1486 1783 quae
1524 1700 1592 1762 in
1633 1697 1891 1763 scholiis
1940 1699 2349 1763 conferuntur
2395 1698 2796 1764 substantiva
2844 1697 3032 1760 θεοισ-

638 1806 852 1884 εχθρία
926 1809 991 1868 et
1064 1804 1505 1879 καλοκαγαθία
1594 1824 1882 1889 quaeque
1965 1804 2253 1868 eiusdem
2333 1803 2852 1868 conformationis
2923 1801 3033 1866 ad-

639 1913 1027 1995 scripserunt
1091 1909 1382 1974 hodierni
1444 1909 1718 1974 editores
1781 1910 2095 1985 οἱναλογία
2151 1915 2216 1973 et
2248 1909 2721 1992 penny-abiam.
2793 1907 3034 1973 Frusta

639 2020 879 2093 carnis,
954 2036 1116 2101 quae
1190 2014 1561 2095 ἡμιωβολίου
1632 2016 2040 2099 prostabant,
2118 2014 2539 2089 ἡμιωβολιαῖα
2612 2014 3028 2091 dicebantur3

638 2126 837 2188 etiam
903 2123 1025 2185 οἰνιὶ
1073 2122 1175 2186 δύο
1222 2122 1525 2199 τούβολοῦ
1572 2142 1647 2185 ea
1693 2124 1910 2187 venire
1955 2125 2122 2185 recte
2165 2120 2434 2198 dixeris,
2482 2127 2560 2185 ut
2603 2123 2672 2185 in
2719 2120 3034 2196 Timoclis

637 2229 1001 2314 fragmento
1065 2226 1345 2310 quodam
1406 2226 1700 2290 fabarum
1763 2226 1964 2291 modii
2026 2228 2120 2289 ἄν’
2171 2227 2323 2289 ὀκτὼ
2372 2226 2671 2303 τούβολοῦ
2735 2234 3031 2311 prostare

640 2335 961 2410 dicuntur,
1028 2332 1136 2395 sed
1199 2330 1368 2415 quod
1425 2337 1641 2395 nostro
1704 2330 1844 2396 loco
1907 2332 2221 2396 traditum
2282 2337 2378 2395 est
2436 2334 2599 2396 vitio
2661 2353 2766 2395 me
2813 2331 3031 2396 iudice

637 2440 885 2504 laborat
952 2437 1318 2503 manifesto.
1398 2436 1469 2501 Si
1516 2458 1772 2505 verum
1834 2437 2007 2515 vidi,
2080 2437 2359 2502 clamosa
2427 2438 2666 2503 mulier
2733 2440 3034 2527 queritur

638 2547 863 2609 ποὶνθ’
923 2545 1345 2621 ἡμιωβολιαῖα
1409 2543 1641 2620 fuisse,
1705 2543 1950 2624 sinqula
1995 2544 2200 2633 frusta
2243 2548 2422 2609 tanta
2467 2544 2666 2609 fuisse
2713 2548 2790 2607 ut
2837 2547 3035 2609 unius

634 2654 917 2719 hominis
963 2671 1189 2717 coenae
1239 2649 1620 2715 sufficerent.

728 2865 835 2928 Vs.
887 2862 1020 2929 674
1043 2884 1178 2947 sqq.

821 2973 1083 3044 Μοῦσα,
1132 2971 1325 3046 χορῶν
1372 2967 1535 3042 ἱερῶν
1584 2964 1870 3042 ἐπίβηθι,

822 3073 926 3136 καὶ
976 3069 1098 3156 ἔλθ’
1148 3071 1247 3133 ἐπὶ
1300 3068 1511 3147 τέρψιν
1560 3069 1775 3141 ἆοιδᾶς
1823 3070 2016 3146 ἐμᾶς,

821 3176 924 3239 τὸν
970 3174 1163 3239 πολὺν
1211 3175 1478 3252 ὀψομένη
1530 3177 1698 3238 λαῶν
1743 3172 1952 3254 ὄχλον,
2001 3171 2329 3254 οὖ.σοφίαι

821 3281 1034 3360 μυρίαι
1080 3279 1415 3356 κάθηνται,

820 3384 1291 3468 Φιλοτιμότερ-αι
1341 3386 1765 3463 Κλεοφῶντος,
1816 3382 1920 3462 ἐφ’
1971 3380 2037 3447 οὗ
2086 3382 2155 3454 δη
2203 3384 2482 3463 χείλεσιν
2529 3385 2930 3465 ἀμφιλάλοις

822 3493 1007 3556 δεινὸν
1052 3475 1493 3566 ἐπιβρέμεταί

827 3596 1061 3673 Θρῃκία
1102 3592 1364 3673 χελιδὼν

827 3697 1264 3775 ὑποβαρβαρον
1312 3694 1560 3775 ἑζομένη
1612 3693 1882 3758 κέλαδον.

644 3804 767 3868 His
819 3805 1030 3867 verbis
1077 3801 1309 3865 chorus
1356 3821 1613 3864 musam
1656 3802 1914 3862 invocat
1931 3844 1949 3873 ,
1999 3804 2076 3860 ut
2120 3818 2194 3861 ea
2238 3800 2488 3867 afflante
2534 3804 2847 3871 delectare
2895 3830 3035 3893 pos-

645 3911 731 3973 sit
791 3913 1193 3991 spectatores.
1256 3904 1544 3982 Quorum
1588 3904 1928 3987 ingenium
1973 3922 2086 3964 cur
2129 3923 2298 3967 nunc
2339 3905 2659 3987 laudetur,
2707 3911 2897 3976 facile
2943 3917 3040 3977 in-

644 4012 1041 4096 tellegimus,
1093 4013 1191 4072 est
1234 4010 1407 4072 enim
1454 4009 1606 4071 haec
1655 4003 2131 4068 benevolentiae
2178 4013 2454 4092 captatio
2469 4059 2487 4088 ,
2552 4020 2617 4077 et
2677 4016 2894 4101 aptius
2944 4021 3038 4083 sic

646 4117 875 4182 auritis
912 4113 1159 4177 civibus
1198 4113 1433 4194 opponi
1471 4112 1706 4193 poterit
1747 4106 2162 4190 Cleophontis
2198 4108 2424 4197 lingua
2462 4116 2661 4181 rudis.
2712 4118 2840 4184 Sed
2875 4122 3038 4205 quid

645 4224 767 4287 hoc
830 4222 927 4282 est
985 4214 1153 4300 quod
1214 4218 1642 4298 spectatorum
1708 4211 1924 4285 σοφίαι
1987 4209 2138 4274 illae
2201 4203 2502 4280 dicuntur
2547 4225 3032 4304 Φιλοτιμότεραι

649 4346 842 4414 quam
882 4323 1277 4406 demagogus
1314 4316 1425 4380 ille
1462 4317 1563 4380 his
1603 4313 1996 4396 temporibus
2036 4313 2353 4382 famosus?
2396 4320 2604 4388 Immo
2630 4335 2820 4406 poeta
2859 4351 3037 4396 nunc

649 4432 909 4499 honoris
970 4430 1067 4492 est
1129 4425 1431 4506 appetens
1446 4467 1463 4496 ,
1513 4423 1724 4502 sperat
1770 4419 1943 4480 enim
1989 4420 2324 4486 victoriam
2369 4431 2683 4493 scenicam
2701 4479 2718 4508 ,
2768 4434 3035 4502 honoris
