3351 5463
1369 363 1600 412 uvius.
2588 345 2669 410 11

383 528 584 594 Locus
632 528 922 592 nondum
959 533 1218 592 sanatus
1238 577 1252 605 ,
1294 534 1368 592 ut
1407 549 1555 593 vere
1595 531 1686 592 ait
1722 528 2100 594 Muellerus,
2151 528 2249 592 Ex
2290 531 2667 594 coniecturis

299 635 536 699 dudum
597 634 899 718 prolatis:
967 636 1040 696 de
1080 635 1457 719 proferendo
1505 657 1699 714 affere,
1747 637 1821 697 de
1853 636 2031 720 prof.
2082 658 2235 697 cum
2283 635 2545 697 exercitu
2591 657 2672 711 a.,

296 743 366 804 de
388 742 569 828 prof.
611 741 870 816 exitu,
913 743 986 802 de
1009 740 1359 825 prof.·die
1397 741 1843 822 exercitui,
1884 743 2165 823 maxime
2206 739 2441 804 arridet
2465 743 2675 824 prima

293 848 498 911 nescio
563 849 780 922 3111113,
845 849 912 909 111
976 843 1194 929 quam'
1233 850 1296 909 et
1345 850 1482 930 ipse
1527 845 1877 910 incideram
1897 894 1913 923 ,
1964 849 2088 909 nisi
2137 846 2307 930 quod
2354 848 2427 908 de
2459 847 2675 931 profe-

291 954 478 1016 renda
539 957 658 1031 (re)
723 974 897 1031 ayere
917 1000 932 1028 ,
986 951 1388 1016 scribendum
1436 971 1570 1016 esse
1617 952 1945 1035 putabam.
1996 949 2163 1030 Quid
2210 953 2384 1016 enim
2429 949 2677 1035 simpli-

290 1061 426 1122 cius
489 1079 688 1142 quam
749 1059 902 1122 hoc:
970 1078 1120 1121 cum
1183 1058 1494 1142 impedire
1540 1079 1680 1121 rem
1726 1079 1853 1121 non
1902 1063 2161 1142 possent
2206 1057 2452 1122 differre
2498 1077 2677 1120 cona-

289 1166 542 1229 bantur.
589 1164 1243 1248 Interpretamentum
1293 1164 1556 1226 exercitu
1601 1165 2032 1248 incogitanter
2079 1164 2371 1227 additum
2416 1163 2675 1227 videtur

289 1293 326 1335 3
385 1271 681 1346 librario,
745 1273 856 1355 qui
918 1272 1262 1335 verborum
1325 1272 1713 1335 sententiam
1773 1291 1900 1334 non
1961 1277 2230 1354 ceperat.
2301 1271 2459 1334 Post
2522 1269 2676 1334 haec

289 1381 510 1442 autem
579 1377 774 1441 verba
842 1379 1110 1463 gravius
1178 1379 1549 1461 inter-punxi
1615 1380 1681 1440 et
1742 1378 2071 1460 sequentia
2125 1379 2218 1439 ita
2279 1375 2560 1460 explico:
2610 1397 2674 1438 eo

289 1483 478 1564 mayis
545 1485 723 1546 omni
786 1504 902 1567 ope
963 1483 1333 1547 nitebantur
1384 1483 1665 1558 tribuni,
1720 1484 1871 1566 quia
1918 1483 2381 1566 perspiciebant
2425 1484 2494 1544 in
2536 1480 2674 1545 loco

285 1593 418 1654 iam
483 1592 801 1675 augurato
822 1637 839 1666 ,
907 1593 982 1652 ut
1047 1587 1219 1651 fama
1283 1588 1451 1665 erat,
1518 1592 1696 1652 extra
1761 1588 1987 1663 urbem
2035 1590 2249 1652 omnia
2293 1587 2675 1673 abrogatum

285 1696 400 1771 iri,
469 1714 633 1779 quae
695 1693 901 1758 adhuc
961 1692 1392 1777 pertulissent.
1471 1693 1716 1757 Revera
1775 1697 2218 1776 perpetrarunt
2262 1714 2340 1757 ne
2390 1690 2677 1756 consules

289 1802 643 1865 exercitum
693 1798 1062 1876 educerent,
1116 1821 1167 1862 c.
1218 1798 1325 1862 21.
1354 1798 1416 1863 2.

381 2037 434 2080 0.
487 2013 596 2080 24.
626 2014 686 2079 9.
748 2017 833 2078 Et
880 2038 1009 2077 eum
1055 2015 1320 2078 consules
1363 2015 1558 2077 nihilo
1603 2016 1800 2078 miuus
1845 2018 2130 2078 adversus
2168 2013 2677 2076 *continuationem

289 2122 635 2184 tribunatus
653 2169 668 2197 ,
734 2143 904 2204 quam
966 2120 1022 2182 si
1087 2121 1183 2183 lex
1243 2120 1679 2183 imminuendae
1737 2144 1881 2184 suae
1940 2119 2271 2184 maiestatis
2334 2128 2414 2195 <c
2429 2143 2467 2181 a
2484 2141 2525 2180 u
2540 2141 2570 2180 s
2588 2126 2673 2191 a)

288 2228 675 2309 promulyata
716 2228 1024 2312 ferretur,
1092 2227 1508 2304 tetendissent,
1567 2227 1823 2289 victoria
1884 2226 2225 2289 certaminis
2261 2229 2450 2307 penes
2496 2224 2679 2288 tribu-

289 2355 398 2396 nos
425 2332 596 2416 fuit.
667 2327 672 2334 ’

387 2437 808 2522 Expellamus
870 2438 1193 2502 emblema
1254 2447 1329 2500 ut
1390 2440 1458 2500 in
1522 2459 1574 2500 c.
1629 2436 1733 2503 56.
1768 2437 1871 2514 12,
1922 2437 2035 2502 ubi
2082 2437 2254 2501 solus
2299 2435 2677 2499 Veronensis

287 2549 496 2609 recte:
545 2545 809 2628 foedere
860 2592 874 2607 .
903 2593 916 2608 .
948 2593 961 2608 .
1015 2544 1314 2607 tollendae
1375 2542 1827 2624 appellationis.
1894 2540 1990 2608 Of.
2060 2542 2119 2604 1.
2148 2541 2255 2606 26.
2287 2541 2325 2604 6
2389 2541 2486 2603 lea·
2544 2541 2677 2603 kor—

293 2650 470 2713 rendi
519 2649 818 2713 carminis.
873 2649 933 2713 4.
964 2647 1070 2713 30.
1103 2646 1207 2712 10.
1235 2648 1493 2730 piacula
1518 2647 1698 2729 pacis
1736 2649 1905 2710 deum
1943 2649 2359 2729 exposcendae.
2406 2644 2468 2710 8.
2498 2644 2558 2709 6.
2592 2645 2671 2709 11

290 2758 780 2819 averruncandae
826 2758 996 2819 deum
1040 2757 1172 2818 irae
1209 2754 1500 2818 victimas.
1552 2753 1612 2817 9.
1641 2752 1747 2817 45.
1782 2752 1864 2819 18
1902 2759 2008 2833 (=
2034 2752 2140 2817 36.
2169 2750 2276 2818 27.
2306 2752 2373 2833 2)
2415 2759 2678 2816 oratores

275 2862 462 2943 pacis
494 2863 796 2942 petendae
841 2861 1273 2945 amicitiaeque.

382 3082 434 3126 c.
485 3062 594 3126 26.
623 3061 685 3126 2.
750 3062 1019 3126 Nautius
1070 3111 1083 3126 .
1116 3111 1129 3125 .
1164 3111 1176 3126 .
1217 3085 1338 3147 per
1401 3063 1807 3143 expeditiones
1842 3084 2107 3144 parvas,
2146 3064 2501 3147 plerumque
2545 3085 2677 3126 noe-

286 3168 489 3231 turnis
535 3168 1006 3245 incursionibus,
1057 3176 1286 3231 tantam
1333 3169 1672 3233 vastitatem
1711 3169 1779 3231 in
1816 3169 2031 3231 Sabino
2074 3163 2217 3247 affro
2266 3167 2674 3244 reddidit,

287 3280 358 3336 ut
406 3275 732 3355 comparati
779 3277 862 3337 ad
907 3298 1032 3337 eam
1068 3297 1264 3355 prope
1307 3274 1525 3337 intacti
1573 3275 1722 3337 bello
1752 3277 1916 3356 fines
1962 3274 2223 3336 Romani
2262 3275 2627 3337 viderentur.

385 3378 772 3443 Muellerus:
821 3379 1133 3454 „reddidit
1175 3401 1284 3455 „er
1323 3380 1593 3443 richtete
1635 3378 1780 3455 an'',
1822 3379 1968 3443 sehr
2008 3379 2245 3443 seltene
2270 3377 2674 3443 Ausdruck.''

291 3479 539 3560 Immo,
591 3487 726 3549 sine
775 3485 1103 3569 exemplo,
1154 3506 1303 3548 nam
1351 3506 1429 3549 113
1477 3486 1644 3569 apud
1693 3490 1911 3569 poetas
1958 3485 2219 3569 quidem
2257 3487 2326 3548 in
2364 3484 2679 3549 eiusmodi

292 3591 662 3666 sententiis,
729 3589 935 3674 qualis
999 3597 1096 3655 est
1154 3593 1222 3653 in
1271 3590 1455 3675 Ovid.
1507 3590 1666 3654 Met.
1725 3590 1827 3654 11.
1860 3590 1989 3655 608
2051 3591 2268 3668 ianua,
2317 3614 2467 3676 quae
2512 3613 2678 3653 verso

291 3696 606 3757 stridorem
652 3697 900 3759 cardine
947 3697 1183 3773 reddit,
1233 3716 1491 3780 prorsus
1539 3696 1873 3761 obscurata
1911 3702 2007 3761 est
2046 3699 2302 3780 propria
2340 3698 2521 3761 verbi
2556 3699 2676 3761 vis.

293 3799 506 3885 Igitur
564 3802 1010 3887 corrigendum
1049 3801 1390 3878 edidit,
1467 3801 1569 3865 cll.
1638 3800 1699 3865 5.
1731 3800 1835 3867 13.
1867 3802 1944 3866 11
2015 3802 2305 3882 inqentem
2361 3804 2682 3867 ediderunt

296 3908 527 3969 caedem
545 3955 560 3982 ,
627 3907 980 3993 multisque
1045 3906 1386 3972 similibus.
1452 3906 1705 3971 Vitium
1768 3910 1920 3972 oriri
1979 3911 2193 3992 potuit
2239 3930 2317 3973 ex
2365 3911 2681 3994 scriptura

293 4006 616 4095 aqi-edidit.

387 4253 440 4296 c.
508 4230 614 4296 33.
659 4232 718 4295 5.
792 4232 914 4295 His
975 4230 1272 4311 (Claudio
1292 4281 1306 4309 ,
1374 4230 1659 4298 Genucio
1680 4281 1695 4309 ,
1764 4232 1968 4297 Sestio
1987 4280 2002 4309 ,
2068 4235 2178 4317 qui
2242 4233 2681 4297 decemviratu

300 4340 620 4403 honestati
681 4344 856 4419 sunt)
913 4338 1185 4421 proximi
1245 4339 1438 4403 habiti
1500 4338 1687 4418 leyati
1747 4346 1895 4414 tres,
1960 4338 2066 4422 qui
2127 4340 2393 4402 Athenas
2457 4340 2676 4414 ierant,

295 4444 476 4507 simul
519 4452 588 4507 ut
620 4466 740 4527 pro
788 4445 1083 4524 Zeyatione
1124 4452 1244 4507 tam
1289 4444 1615 4529 lonqinqua
1652 4444 1928 4526 praemio
1972 4452 2121 4509 esset
2166 4446 2347 4508 honos
2364 4493 2380 4522 ,
2442 4444 2683 4507 simul
