3351 5463
1356 383 1678 460 κεΡΜΑτΑ.
2535 403 2551 411 ’
2578 353 2707 458 375

417 569 681 639 CXXX.
754 574 914 641 Ibid.
962 573 1100 642 VII.
1154 576 1214 642 3.
1247 576 1366 643 ll:
1418 581 1534 642 ποῦ
1573 574 1732 654 ἔχων
1769 571 2035 646 Ἕλλησι
2079 573 2346 645 σπονδάς
2387 573 2709 652 άποδεῒξαι

328 678 363 753 ἢ
412 679 736 758 προδόταις
798 680 831 756 ἢ
899 683 1675 760 παλιναυτομόλοις
1739 679 1774 754 ἢ
1822 678 2148 759 τυράννοις.
2195 680 2343 744 Non
2389 683 2546 747 novi
2591 705 2713 746 ⁹1·oe-

328 783 844 859 λιναυτομόλους·
896 784 1127 868 Graeci
1171 809 1277 854 eos
1324 789 1451 852 nisi
1497 786 1683 851 fallor
1729 784 2312 861 παλιμβόλους
2363 785 2707 871 appellant.

419 887 717 955 CXXXI.
788 890 949 957 Ibid.
1003 893 1141 959 VII.
1193 894 1255 958 4.
1284 893 1324 958 3
1391 894 1467 958 de
1530 890 1893 978 Lycomede
1947 890 2188 955 Arcade
2248 889 2564 977 legimus:
2629 891 2714 959 όν-

326 1019 443 1058 των
507 997 903 1073 παμπόλλων
967 1001 1210 1076 πλοίων,
1276 996 1686 1075 ἐκλεξάμενος
1736 997 1962 1062 τούτων
2009 992 2036 1060 ὃ
2088 996 2380 1073 ἐβούλετο
2429 998 2532 1062 καὶ
2583 1022 2716 1064 συν-

327 1100 566 1177 θέμενος
631 1104 753 1167 τοί
769 1127 898 1166 νυν
962 1104 1369 1182 ἀποβιβάσαι
1434 1101 1565 1170 ὅποι
1618 1102 1802 1173 αὐτὸς
1854 1102 2086 1166 κελεύοι
2136 1101 2263 1166 κτὲ.
2334 1103 2475 1169 Hoc
2520 1105 2707 1171 video

325 1205 888 1273 Breitonbachium
958 1214 1129 1276 tueri
1197 1209 1582 1296 particulam
1652 1211 1847 1273 τοίνυν
1867 1231 1880 1246 ·
1931 1209 2074 1271 ‘und
2131 1209 2286 1272 allso
2349 1212 2496 1274 doch
2555 1214 2710 1276 auch

322 1315 782 1397 interpretatur
842 1321 908 1380 et
971 1315 1305 1381 adscribit:
1374 1315 1581 1393 „denn
1628 1315 1710 1380 da
1753 1336 1822 1378 er
1865 1318 2054 1379 unter
2099 1313 2214 1378 den
2265 1314 2476 1381 vielen
2519 1317 2712 1383 Fahr-

324 1439 569 1504 zeugen
631 1419 735 1484 fiir
798 1421 933 1486 sich
997 1425 1101 1486 ein
1146 1421 1515 1487 besonderes
1579 1419 1780 1485 wablt
1797 1467 1812 1496 ,
1879 1441 1947 1484 so
2011 1419 2183 1484 kann
2243 1441 2312 1485 er
2356 1422 2512 1486 alteo
2559 1425 2713 1488 auch

326 1523 709 1590 verabreden
726 1573 744 1604 ,
795 1547 875 1591 an
914 1527 1187 1593 welcher
1224 1527 1423 1593 Stella
1462 1548 1532 1592 er
1569 1547 1649 1591 an
1690 1526 1802 1590 das
1839 1525 2019 1590 Laud
2054 1531 2302 1612 gesetzt
2337 1529 2471 1592 sein
2509 1527 2710 1594 will.²’

234 1655 241 1662 ·
324 1629 495 1694 Mihi
556 1631 816 1714 quidem
876 1653 949 1698 ea
1014 1635 1177 1698 ratio
1240 1653 1471 1718 parum
1517 1633 1825 1718 probatur
1871 1635 1936 1696 et
1977 1629 2165 1696 video
2203 1631 2534 1718 plerosque
2581 1655 2714 1700 mo·

324 1733 557 1800 lestam
602 1737 986 1821 particulam
1031 1738 1317 1805 voluisse
1358 1738 1719 1815 eliminare,
1759 1759 1873 1802 nec
1911 1736 2198 1802 multum
2238 1741 2540 1824 praesidii
2578 1761 2714 1807 esse

326 1842 601 1906 arbitror
658 1845 726 1907 in
789 1843 1017 1910 Oecon.
1068 1844 1123 1909 V
1172 1845 1235 1924 2,
1300 1867 1491 1931 quem
1536 1844 1756 1910 locum
1801 1835 2420 1909 Biichsenschiit'zius
2465 1845 2710 1913 attulit.

328 1945 687 2012 Lobeckius
746 1951 1033 2035 reposuit
1093 1952 1203 2021 τὴν
1251 1953 1418 2028 ναῦν,
1461 1948 1802 2015 Holwerda
1844 1950 1928 2027 τῷ
1977 1951 2289 2028 ναυκλήρῳ
2305 1995 2324 2026 ,
2370 1949 2713 2017 Hartman-

324 2073 445 2117 nus
462 2061 621 2135 τοις
668 2053 961 2138 ναύταις·
1012 2056 1286 2121 scribam
1308 2055 1657 2141 equidem:
1701 2053 2050 2131 συνθέμενος
2100 2057 2393 2119 ναῦλον
2439 2077 2707 2172 eamque

322 2160 535 2244 ipsam
580 2157 974 2226 locutionem
1018 2161 1165 2227 vide
1209 2163 1277 2226 in
1322 2163 1600 2227 Anabasi
1643 2160 1719 2225 V.
1773 2161 1833 2227 1.
1865 2159 1968 2224 12.

417 2262 749 2344 CXXXII.
820 2265 979 2331 Ibid.
1030 2266 1169 2332 VH.
1234 2266 1297 2331 4.
1326 2266 1411 2333 27
1478 2269 1754 2332 occurrit
1816 2266 2088 2331 verbum
2149 2185 2514 2343 όξυλαβειν·
2580 2263 2700 2332 ὅσοι

325 2371 438 2448 μὲν
512 2367 609 2436 ουν
680 2371 1018 2450 ἐγγύτατα
1088 2373 1437 2456 ἐτύγχανον
1506 2374 1671 2444 ὄντες
1744 2397 1849 2437 και
1922 2370 2369 2450 ὠξυλάβησαν,
2437 2371 2704 2446 ἐξῆλθον.

324 2474 549 2560 Neque
594 2477 938 2542 obscurum
985 2483 1083 2543 est
1129 2479 1284 2563 quid
1329 2480 1447 2543 hoc
1494 2477 1814 2564 significet
1859 2483 1923 2541 et
1971 2481 2295 2561 praeterea
2339 2475 2706 2563 Hesychius

326 2586 391 2645 et
448 2581 605 2646 Lex.
670 2583 859 2648 Rhet.
923 2584 1044 2648 Bk.
1107 2606 1171 2670 p.
1222 2582 1374 2650 286.
1404 2583 1485 2648 21
1554 2588 1724 2648 recte
1784 2584 2285 2667 interpretantur
2339 2581 2708 2659 όξυλαβεῒν·

324 2689 393 2751 τὸ
443 2687 620 2763 ὀξέως
667 2689 980 2767 λαβέσθαι
1033 2689 1449 2769 πράγματος,
1507 2709 1657 2755 nam
1706 2689 1874 2774 quod
1920 2687 2151 2753 Suidas
2196 2686 2386 2753 habet
2431 2687 2706 2753 verbum

322 2795 599 2872 ὄξυλοβῶ
616 2842 635 2872 ,
686 2801 946 2880 apparet
991 2817 1071 2883 0¹.
1110 2794 1385 2861 ridiculo
1430 2816 1640 2860 errore
1675 2800 1904 2860 natum
1945 2814 2100 2859 esse.
2147 2792 2448 2858 Scribunt
2487 2800 2707 2859 autem

321 2901 697 2985 interpretes
756 2899 1146 2966 vocabulum
1211 2923 1337 2966 non
1383 2900 1539 2966 alibi
1585 2903 1884 2988 reperiri,
1931 2901 2058 2964 nisi
2102 2900 2222 2964 hoc
2268 2902 2454 2965 unico
2502 2898 2712 2965 Xeno·

318 3006 577 3091 phontis
635 3003 775 3071 loco
793 3053 810 3083 ,
875 3026 1079 3090 neque
1141 3006 1554 3073 attenderunt
1613 3028 1720 3071 me
1779 3011 1926 3072 ante
1972 3004 2215 3071 multos·
2259 3026 2454 3071 annos
2503 3005 2705 3071 alium

321 3115 645 3195 practerea
679 3109 898 3175 locum
934 3112 1342 3189 indicavisse,
1387 3114 1501 3177 ubi
1538 3113 1657 3177 hoc
1694 3115 1912 3197 ipsum
1943 3113 2212 3176 verbum
2236 3113 2705 3177 restituendum

321 3219 436 3279 est.
486 3215 693 3279 Locus
738 3223 835 3281 est
872 3217 1043 3301 apud
1082 3216 1423 3283 Platonem
1459 3214 1528 3281 iu
1564 3216 1838 3282 Politico
1878 3235 1940 3301 p.
1982 3214 2216 3282 273A.
2265 3218 2422 3283 Post
2458 3222 2708 3282 certum

324 3320 723 3388 saeculorum
784 3322 1202 3390 intervallum
1266 3322 1422 3389 deus
1485 3323 1563 3387 ab
1622 3322 2058 3408 gubernaculo
2114 3322 2383 3387 recedit:
2435 3317 2548 3387 οἷον
2598 3348 2710 3399 πη-

322 3428 551 3493 δαλίων
615 3428 813 3501 οἴακος
876 3429 1186 3508 ἀφέμενος
1251 3430 1337 3501 εἷς
1398 3430 1506 3502 τὴν
1570 3430 1761 3492 αὑτοῦ
1823 3428 2126 3509 περιωπὺν
2189 3428 2428 3504 άπέςη·
2492 3430 2710 3494 omnia

322 3539 492 3599 retro
554 3540 819 3600 currunt
880 3534 1077 3619 fitque
1135 3552 1355 3599 rerum
1413 3536 1776 3601 conversio:
1843 3532 1946 3601 τὸν
2009 3533 2070 3597 δὲ
2130 3533 2198 3606 δὴ
2248 3533 2475 3611 κόσμον
2514 3532 2707 3599 πάλιν

324 3640 660 3716 ἀνέτρεφεν
706 3638 1045 3720 εἱμαρμένη
1094 3664 1165 3704 τε
1205 3640 1307 3703 καὶ
1352 3639 1675 3717 ξύμΦυτος
1721 3638 2033 3716 ἐπιθυμία.
2080 3637 2214 3725 Ipsi
2251 3639 2344 3705 dii
2380 3641 2700 3705 minorum

323 3746 624 3829 gentium
668 3765 856 3809 suam
900 3747 1169 3829 quisque
1214 3747 1612 3830 provinciam
1656 3745 1989 3811 deserunt:
2033 3744 2264 3815 πάντες
2305 3740 2404 3808 οὖν
2444 3745 2496 3809 οἱ
2537 3747 2709 3809 κατὰ

324 3850 466 3919 τοὺς
528 3849 750 3922 τόπους
814 3849 1219 3929 συνάρχοντες
1284 3852 1369 3929 τῷ
1433 3852 1675 3929 μεγίςῳ
1741 3849 1978 3925 δαίμονι
2029 3849 2140 3913 θεοὶ
2189 3850 2434 3925 γνόντες
2485 3848 2592 3924 ἤδη
2637 3849 2708 3913 τὸ

324 3954 710 4032 γιγνόμενον,
758 3956 1033 4032 άΦίεσαν
1080 3951 1161 4021 αὖ
1198 3956 1286 4019 τοὶ·
1326 3955 1476 4032 μέρη
1521 3960 1626 4019 τοῦ
1668 3956 1897 4033 κόσμου
1939 3963 2046 4030 τῆς
2092 3956 2291 4019 αὐτῶν
2318 3954 2704 4032 ἐπιμελείας.

324 4059 510 4138 Quod
567 4066 909 4145 postquam
970 4063 1107 4147 ipse
1169 4062 1451 4126 mundus
1513 4063 1746 4139 sensit,
1811 4062 1978 4127 facta
2037 4062 2444 4126 conversione
2489 4061 2705 4125 omnia

323 4171 510 4229 ruent
569 4168 638 4229 in
701 4168 884 4249 peius
900 4214 917 4243 ,
981 4166 1179 4232 donec
1222 4167 1335 4233 ille
1383 4188 1680 4253 summus
1729 4166 1886 4232 deus
1933 4166 2013 4233 ad
2056 4165 2566 4252 gubernaculum
2612 4186 2706 4232 re—

324 4270 533 4335 dierit.
572 4270 893 4348 MunduS,
932 4274 1177 4355 inquit,
1220 4274 1765 4352 μετατρεφόμενος
1808 4272 1914 4337 καὶ
1957 4270 2108 4347 ξυμ
2128 4270 2462 4347 βάλλων
2502 4274 2702 4352 ἀρχῆς

327 4400 399 4439 τε
458 4376 577 4441 καῖ
627 4382 917 4448 τελευτῆς
970 4376 1251 4439 ἐναντίαν
1301 4377 1484 4457 ὁρμὴν
1534 4376 1808 4457 ὁρμηθεὶς
1853 4378 2110 4451 σεισμὸν
2158 4376 2351 4441 πολὺν
2399 4378 2458 4441 έν
2505 4377 2706 4457 ἐαυτῷ

326 4488 505 4545 ποιῶν
574 4477 775 4554 ἄλλην
845 4478 924 4545 αὖ
992 4483 1224 4562 φθορὰν
1298 4480 1458 4562 ζῴων
1529 4485 1830 4548 παντοίων
1901 4483 2356 4563 ἀπειργάσατο.
2427 4480 2705 4547 Difficile
