3351 5463
1362 331 1592 380 nrvms.
1678 369 1683 378 .
2258 338 2263 344 ·
2580 312 2665 381 2¹7

286 496 536 562 Herme
587 494 762 560 1894
807 517 871 580 p.
925 491 1258 571 611—17,
1310 517 1596 580 quaeque
1644 495 1857 560 deberi
1902 495 2205 561 videntur
2247 497 2452 581 ipsius
2496 496 2673 562 Livii

289 605 463 667 curis
525 601 838 677 secundis,
904 621 984 664 an
1045 622 1298 666 merum
1361 601 1712 678 emblema,
1778 604 2284 674 consarcinatum
2332 623 2410 666 ex
2454 603 2673 667 huius-

288 708 466 772 modi
527 707 684 772 locis
730 708 1063 792 genuinis:
1115 704 1358 770 28.40.
1392 707 1425 770 1
1478 728 1596 770 non
1641 708 1725 769 ad
1763 709 2083 787 yerendum
2128 709 2294 770 modo
2342 708 2668 784 bellum,

285 815 396 876 sed
439 816 539 876 ad
568 813 1054 899 finiendum
1103 811 1412 875 diceret
1455 835 1518 876 ee
1563 834 1721 876 eone.
1771 812 1922 876 decl.
1974 835 2096 875 esee
2142 813 2246 894 (cf.
2290 835 2341 877 0.
2388 811 2563 878 38.9
2606 817 2673 876 et

289 919 400 983 44.
431 907 518 1000 6).
589 917 902 982 29.2Ο.2
967 939 1134 1002 quem
1195 917 1413 978 civitas
1613 919 1698 979 ad
1756 917 2310 999 imponendum
2376 917 2563 981 Pun.
2615 918 2667 980 b.

289 1026 550 1094 finem
613 1024 902 1086 creaverit
962 1023 1284 1098 consulem,
1348 1044 1450 1104 epe
1511 1023 1904 1086 destinaverit
1963 1024 2041 1086 H
2046 1047 2084 1086 a
2101 1047 2217 1086 nn.
2267 1046 2351 1086 ea
2397 1023 2671 1086 Italia

287 1132 878 1204 detracturum,
943 1128 1314 1212 Africam
1373 1128 1767 1191 subacturum.
1836 1149 1889 1192 0.
1941 1127 2119 1193 224
2168 1135 2275 1191 aut
2318 1128 2430 1191 illo
2478 1130 2670 1190 duce

337 1283 351 1299 .
384 1283 397 1299 .
449 1241 559 1297 aut
603 1235 832 1296 nullo
879 1233 1002 1296 abio
1052 1253 1106 1296 e.
1134 1255 1194 1317 q.
1222 1254 1270 1296 Β.
1702 1317 1705 1320 ἢ

378 1340 519 1404 Ηο0
559 1337 951 1423 probabilius
989 1357 1124 1402 esse
1161 1338 1435 1415 videtur,
1476 1360 1625 1402 cum
1661 1341 1902 1403 inserta
1936 1337 2053 1402 illa
2090 1339 2359 1404 Liviana
2396 1338 2669 1404 Soltavii

285 1443 685 1530 probabilem
755 1443 1034 1527 aliquam
1096 1443 1366 1507 habeant
1412 1447 1728 1508 rationem
1747 1492 1761 1520 ,
1813 1463 2007 1528 quam
2052 1444 2157 1507 1110
2204 1443 2508 1509 desidero.
2583 1443 2668 1507 Et

286 1552 481 1614 nimis
543 1547 755 1613 multa
807 1547 1196 1632 displicent:
1260 1548 1701 1632 praedicatum
1761 1546 2147 1612 eliciendum
2210 1569 2286 1612 ex
2349 1549 2667 1633 prioribus

285 1675 642 1740 parumque
703 1659 922 1739 aptum
975 1658 1159 1731 (mene
1203 1661 1569 1717 converterat
1617 1654 1906 1734 animoe);
1955 1659 2101 1716 tum
2147 1653 2315 1738 quod
2362 1658 2671 1737 spectato-

287 1781 386 1826 res
431 1759 819 1847 Lilybaeum
867 1757 1240 1824 confluxisse
1287 1760 1586 1824 dicuntur
1633 1759 1892 1824 adducti
1938 1759 2253 1825 abstracta
2300 1759 2477 1824 idea:
2519 1779 2668 1843 prae

289 1866 709 1932 admiratione
755 1886 956 1931 novae
1003 1867 1238 1929 mentis
1282 1866 1346 1929 11.
1375 1886 1428 1928 0.
1478 1864 1731 1930 consilii
1776 1861 2089 1948 Scipionis
2109 1912 2125 1940 ,
2177 1864 2445 1949 denique
2503 1865 2671 1949 quod

287 1976 422 2057 ipse
488 1993 630 2036 eam
691 1975 976 2035 mentem
1037 1969 1434 2054 vulgandam
1492 1970 1726 2034 dicitur
1788 1987 2039 2034 curasse
2056 2017 2073 2045 ‚
2139 1973 2319 2054 quasi
2366 1971 2499 2034 sine
2546 1970 2668 2034 hoc

298 2079 530 2162 aliquis
577 2080 882 2152 nesciret,
933 2097 1045 2140 cur
1091 2078 1406 2139 transiret.

379 2182 780 2249 Gronovium
824 2180 947 2247 1001
993 2180 1317 2246 obstacula
1362 2201 1486 2244 non
1533 2180 1871 2266 fugerant,
1919 2181 2033 2245 vix
2079 2185 2295 2243 tamen
2342 2181 2507 2243 serio
2548 2179 2667 2244 1100

288 2290 652 2373 proposuit:
701 2287 884 2350 simul
925 2294 984 2349 et
1029 2307 1188 2348 mens
1232 2287 1370 2367 ipsa
1415 2285 1740 2348 traiciendi
1788 2331 1803 2349 .
1824 2331 1839 2349 .
1871 2333 1885 2349 .
1936 2291 2222 2366 temptata
2246 2321 2331 2332 —
2357 2291 2431 2346 tr
2448 2285 2542 2346 alc
2560 2307 2666 2346 en-

289 2396 432 2457 dus
493 2393 922 2456 Hannibal
981 2414 1053 2454 ea·
1096 2391 1180 2455 It.
1227 2391 1825 2478 transferendumque
1873 2395 1933 2452 ei
1955 2390 2029 2474 f.
2080 2389 2148 2452 in
2194 2391 2267 2452 A.
2318 2390 2535 2454 bellum
2584 2425 2665 2438 --

299 2499 635 2580 vulgata
673 2504 864 2560 erat.
1820 2533 1829 2540 ι

1215 2774 1469 2840 Liber
1527 2774 1742 2861 XXX.

377 3009 430 3052 0.
485 2985 590 3051 19.
621 2986 724 3051 12.
775 2987 937 3049 Nam
985 2988 1068 3050 ad
1115 3009 1242 3049 eum
1288 3008 1513 3071 quoque
1562 2987 1747 3067 leqati
1796 2987 1867 3049 ab
1926 2988 2285 3068 Cartkaqine
2330 2994 2666 3051 revocantes

288 3092 355 3155 in
402 3092 684 3177 Africam
729 3092 838 3154 iis
868 3093 1051 3178 forte
1096 3091 1300 3155 diebus
1345 3092 1554 3176 quibus
1601 3093 1684 3154 ad
1732 3092 2051 3179 Mayonem
2099 3100 2402 3156 venerunt.

379 3197 526 3262 Non
590 3195 887 3261 credibile
935 3201 1030 3261 est
1074 3196 1340 3261 Livium
1385 3202 1782 3281 permutasse
1831 3200 2238 3281 pronomina,
2290 3197 2444 3261 alibi
2491 3218 2669 3265 accu-

289 3308 423 3368 rate
484 3302 815 3366 distincta:
891 3323 942 3365 0.
1016 3301 1183 3367 11.1
1244 3324 1362 3383 per
1423 3303 1726 3365 eosdem
1771 3302 1952 3386 forte
1998 3302 2161 3378 dies,
2214 3325 2341 3364 eum
2387 3325 2435 3366 c.
2491 3301 2659 3367 18.1

294 3410 550 3471 eadem
597 3414 855 3483 aestate,
904 3429 1021 3490 qua
1067 3427 1119 3470 0.
1171 3406 1278 3469 21.
1311 3406 1342 3469 1
1395 3410 1460 3469 et
1508 3405 1568 3483 3,
1619 3427 1671 3470 0.
1724 3405 1831 3471 29.
1861 3406 1902 3470 4
1949 3412 2012 3471 et
2050 3412 2299 3472 contra:
2342 3389 2447 3471 24.
2480 3406 2513 3469 1
2546 3430 2667 3488 per

293 3535 412 3577 eos
459 3513 588 3575 dies
635 3512 842 3575 consul
885 3510 1158 3595 traiecit,
1208 3532 1259 3575 0.
1315 3510 1420 3574 38.
1450 3510 1510 3588 5,
1561 3510 1731 3575 alibi.
1786 3510 2049 3600 Corrige
2096 3513 2302 3597 igitur
2345 3512 2577 3576 iisdem.

381 3782 433 3824 0.
484 3757 590 3824 25.
621 3758 681 3822 6.
739 3760 880 3821 Tres
925 3758 1327 3844 quadriremes
1376 3804 1389 3821 .
1421 3806 1434 3822 .
1465 3806 1478 3822 .
1529 3761 1999 3845 quinqueremem
2044 3762 2373 3825 Romanam
2414 3810 2428 3826 .
2457 3808 2473 3825 .
2506 3809 2519 3826 .
2562 3765 2668 3826 ad-

289 3887 523 3945 yreseae
581 3869 740 3927 sunt.
803 3863 921 3926 Sed
958 3886 1142 3947 neque
1187 3870 1378 3927 rostro
1410 3864 1624 3948 ferire
1671 3866 1975 3928 eeleritate
2019 3888 2049 3928 s
2066 3890 2105 3927 u
2108 3889 2159 3953 p
2177 3867 2401 3928 erlab
2418 3890 2504 3930 en
2523 3875 2547 3930 t
2564 3890 2593 3931 e
2610 3890 2666 3930 m

285 3975 567 4051 poterant
609 3991 794 4053 neque
842 3969 1154 4032 transilire
1195 3970 1416 4032 armati
1456 3992 1527 4032 ea
1559 3971 1981 4045 *humilioribus
2017 3971 2085 4033 in
2127 3972 2401 4035 altiorem
2439 3995 2664 4037 navem.

381 4073 482 4139 Ita
541 4074 868 4138 Puteanus
888 4122 904 4151 ,
971 4075 1080 4138 sed
1138 4073 1371 4158 reliqui
1432 4073 1502 4139 11.
1567 4077 2053 4139 subterlabentem
2101 4082 2335 4155 (unusz
2384 4077 2669 4140 subtr-ila-

293 4181 559 4260 bentem),
629 4174 799 4263 quod
868 4180 1146 4244 defendit
1213 4179 1528 4244 Luchsius
1589 4186 1806 4245 contra
1868 4180 2453 4248 Weissenbornium
2471 4231 2487 4259 ‚
2554 4185 2666 4267 qui

295 4288 564 4351 coniecit
625 4285 930 4349 eeleritate
988 4308 1099 4348 sua
1148 4286 1615 4367 praelabentem.
1682 4285 1807 4351 Sed
1866 4308 1991 4351 non
2053 4290 2347 4352 convenit
2395 4288 2666 4354 verbum

295 4390 415 4453 labi
455 4395 567 4455 aut
607 4392 744 4455 eius
781 4394 1133 4475 composita
1169 4390 1314 4469 illa,
1355 4412 1496 4459 rara
1535 4398 1599 4457 et
1641 4392 1771 4459 fere
1793 4394 2037 4476 poetica
2050 4424 2079 4470 ‚·
2094 4393 2169 4457 de
2193 4394 2665 4459 vehementiore
