3351 5463
1132 374 1220 421 1111
1262 374 1413 420 1111111
1459 373 1738 419 sonmo,
2503 353 2627 423 177

255 543 526 606 marium
543 589 560 617 ,
610 543 764 625 quia
810 540 1259 606 secundarium
1301 561 1429 604 non
1473 543 1665 603 tenet.
1714 537 1813 601 Ex
1863 537 2111 602 diverso
2159 539 2461 605 adversus
2507 563 2632 607 non

253 647 673 733 possidentem
721 651 785 711 et
831 649 970 711 vim
1015 647 1353 711 facientem
1379 645 1430 725 1)
1485 666 1564 709 116
1610 649 1753 728 post
1797 665 2038 707 annum
2084 644 2348 727 quidem
2395 646 2633 713 frustra

252 754 551 829 redditur,
606 755 756 837 quia
800 757 976 817 tenet
1025 751 1493 817 secundarium.
1543 750 1712 815 Nam
1754 749 1922 833 quod
1963 750 2460 833 prohibitorium
2499 757 2596 817 est
2613 801 2629 831 ,

252 859 314 923 id
356 880 481 923 non
528 861 757 943 recipit
804 861 1115 944 temporis
1162 859 1618 941 exceptionem.
1668 853 1888 940 Longe
1935 853 2121 919 aliter
2158 856 2399 920 nodum
2438 857 2634 923 solvit

254 962 519 1045 Lene12)
559 966 649 1027 sic
686 963 1082 1043 restituendo
1122 963 1440 1027 edictum:
1484 961 1712 1023 intra
1758 983 2070 1038 annum,
2114 983 2256 1045 quo
2290 963 2632 1043 primum

258 1069 744 1152 emperiundi
788 1075 1167 1152 potestas
1210 1068 1504 1153 fuerit
1566 1066 1963 1148 (sponsionem
2008 1066 2634 1153 restipulationemque

260 1167 500 1254 facere)
535 1175 1026 1257 permittam.
1092 1174 1297 1254 Quem
1358 1174 1501 1237 ideo
1563 1177 1819 1238 secutus
1878 1194 2003 1237 non
2064 1192 2242 1250 sum,
2293 1176 2444 1258 quia
2485 1180 2633 1259 post

260 1302 489 1346 annum
535 1302 663 1346 non
709 1282 1186 1346 restitutorium
1230 1285 1487 1345 tantum
1506 1328 1523 1356 ,
1572 1280 1682 1343 sed
1727 1280 1924 1343 etiam
1969 1279 2467 1363 prohibitorium
2513 1281 2634 1345 tol-

259 1387 361 1464 lit,
433 1387 603 1471 quod
673 1386 1046 1453 Hermanno
1118 1386 1320 1451 Witte
1392 1385 1744 1451 absurdum
1810 1384 2178 1462 videbatur,
2250 1387 2633 1471 videturque

260 1493 431 1557 mihi.
493 1492 644 1556 Non
703 1514 869 1579 nego
888 1541 903 1570 ,
977 1494 1047 1556 in
1108 1492 1313 1557 edicto
1374 1492 1571 1555 fuisse
1634 1478 1910 1555 ceteram
1957 1489 2345 1555 clausulam:
2395 1494 2636 1576 (quanti

261 1606 383 1661 uter
442 1598 743 1661 iwaverit
803 1621 923 1662 non
983 1598 1319 1661 calumniae
1376 1620 1559 1659 causa
1602 1619 1665 1659 66
1697 1597 2012 1678 postulare
2057 1597 2426 1677 sponsionem
2452 1600 2634 1681 fieri)

263 1726 495 1788 neque
543 1704 862 1786 pluris,
928 1727 1147 1789 quam
1210 1702 1499 1788 quanti
1560 1724 1684 1765 res
1730 1702 1891 1765 erit
1941 1702 2336 1783 (sponsionem
2384 1704 2640 1786 restipu-

268 1810 651 1894 lationemque
700 1810 954 1895 facere)
1013 1833 1064 1891 p
1084 1808 1506 1872 ‹ev-mittam.
1581 1844 1667 1857 --
1739 1806 2120 1885 Enimvero,
2208 1810 2375 1893 quod
2443 1815 2640 1896 negat

270 1914 708 1992 Windscheid,
772 1914 1113 1979 interdicto
1178 1916 1361 1978 cuius
1406 1918 1503 1978 est
1550 1914 1941 1998 principium
1986 1914 2110 1976 uti
2145 1916 2637 1995 possidetis,

268 2020 723 2106 recuperandae
792 2023 1206 2103 possessionis
1278 2010 1416 2085 vim
1482 2021 1721 2100 inesse,
1785 2018 1852 2083 id
1912 2017 2123 2084 multo
2187 2022 2402 2085 minus
2448 2032 2642 2106 negat

184 2195 193 2203 ‚
268 2132 515 2211 propter
580 2125 839 2210 aliquod
901 2128 1284 2191 historicum
1347 2130 1810 2211 argumentum
1828 2173 1844 2201 ,
1908 2145 2102 2209 quam
2147 2124 2292 2190 ideo
2312 2173 2328 2202 ,
2377 2147 2456 2190 116
2503 2148 2642 2191 con-

269 2232 429 2296 cidat
488 2234 656 2296 iuris
719 2230 979 2317 regula:
1032 2232 1248 2313 plures
1310 2232 1552 2294 eandem
1598 2252 1717 2293 rem
1765 2231 1832 2293 in
1877 2230 2134 2294 ambiebam
2166 2232 2478 2312 possidere
2523 2254 2642 2295 non

256 2342 480 2419 possae)
517 2338 591 2417 ³).
653 2336 789 2415 Quo
835 2338 1310 2422 provocandum
1356 2358 1525 2402 nunc
1570 2357 1698 2402 non
1741 2342 1871 2414 est,
1921 2339 2071 2421 quia
2117 2358 2242 2401 non
2289 2337 2355 2400 id
2401 2340 2639 2423 agitur,

266 2446 601 2508 interimne
638 2443 991 2527 possedisse
1029 2448 1198 2507 recte
1234 2442 1502 2519 dicatur,
1546 2444 1649 2506 6111
1691 2463 1768 2506 ex
1804 2441 2143 2506 interdicto
2180 2445 2644 2526 possessionem

266 2552 667 2614 restituimus
694 2546 770 2632 4),
818 2549 928 2613 sed
973 2551 1139 2612 sitne
1187 2551 1247 2612 ei
1292 2570 1369 2613 ex
1414 2546 1753 2611 interdicto
1782 2547 1833 2625 5)
1883 2550 2191 2631 possessio
2232 2548 2642 2612 restituenda.

267 2654 358 2719 De
417 2654 532 2718 illo
596 2652 913 2717 dialectici
974 2654 1235 2718 videant
1284 2658 1349 2717 et
1393 2655 1462 2716 in
1508 2650 1782 2738 longum
1829 2672 2063 2716 aevum
2112 2651 2440 2738 disputent
2459 2674 2476 2730 ;
2527 2655 2645 2719 hoc

268 2760 541 2825 alterum
601 2759 1070 2825 iurisconsultis
1133 2759 1538 2824 tractandum
1583 2763 1681 2823 est
1727 2765 1791 2824 et
1837 2759 1915 2822 ad
1962 2758 2317 2824 utilitatem
2364 2781 2649 2825 commu-

264 2887 413 2930 nem
472 2865 865 2951 exigendum
884 2912 901 2942 ,
966 2865 1317 2931 cavendum
1379 2863 1613 2941 simul,
1658 2867 1728 2927 in
1774 2865 1935 2928 hanc
1981 2885 2164 2928 suam
2211 2849 2608 2950 provinciam
2631 2915 2646 2945 ,

264 2992 342 3036 116
362 3021 379 3048 ,
446 2971 615 3056 (111οᾱ
678 2991 1035 3055 numquam
1080 2992 1208 3034 non
1254 2970 1439 3047 facit,
1489 2975 1728 3034 temere
1774 2972 1978 3034 irruat
2024 2969 2502 3036 dialecticorum
2547 2993 2652 3036 na-

264 3079 359 3142 tio
404 3079 485 3142 iis
530 3075 708 3163 leges
758 3077 983 3142 datura
999 3124 1017 3154 ,
1069 3097 1230 3160 quae
1277 3097 1391 3140 1166
1440 3074 1754 3161 intelligit
1772 3124 1788 3153 ,
1845 3096 1959 3139 1166
2008 3078 2208 3161 sapit,
2249 3097 2364 3141 1166
2404 3077 2649 3142 didicit.

267 3333 381 3383 tea?
425 3335 558 3398 (quin
605 3335 663 3382 de
704 3333 882 3382 futuris
914 3333 1111 3397 praetor
1143 3331 1383 3396 loquitur)
1423 3333 1563 3381 ‚dass
1597 3367 1609 3380 .
1631 3367 1642 3380 .
1665 3367 1678 3380 .
1715 3331 2113 3380 Schadensersatz
2151 3367 2188 3380 ..
2212 3370 2222 3380 .
2246 3336 2347 3396 fiir
2374 3331 2546 3382 ber-sits
2575 3349 2658 3397 qe-

267 3417 492 3465 seheheno
532 3418 802 3478 Stdrunqeu
846 3413 1097 3464 innerhalb
1141 3414 1269 3464 eines
1318 3411 1506 3462 Jahres
1548 3415 1766 3476 verlanqt
1799 3415 1982 3462 werden
2024 3411 2221 3462 konne’fi
2276 3413 2407 3462 Illud
2441 3415 2660 3478 sequitur

268 3497 487 3554 Pothier,
524 3497 661 3560 qussi
694 3496 907 3544 transeat
941 3495 1174 3560 possessio
1209 3497 1267 3543 sd
1302 3510 1435 3552 eum,
1475 3495 1558 3554 qui
1593 3494 1856 3559 possidenti
1893 3495 1989 3543 vim
2025 3495 2168 3543 faciat
2209 3496 2561 3559 (Introduction
2594 3514 2658 3546 au

270 3579 355 3628 tit.
402 3577 572 3627 XXII
610 3593 690 3629 nc.
739 3577 828 3636 52;
888 3575 1069 3626 Traitd
1109 3579 1169 3626 de
1212 3579 1261 3625 la
1300 3577 1558 3639 possession
1603 3592 1681 3625 no.
1717 3577 1856 3635 102),
1907 3577 2037 3640 quod
2074 3591 2367 3640 nequaquam
2404 3578 2662 3627 admitten-

272 3660 385 3708 dum
421 3663 513 3708 est.

339 3743 390 3802 1)
440 3740 652 3789 Videtur
704 3755 815 3788 611116
864 3739 1147 3802 Raymondo
1200 3738 1420 3787 Saleilles
1464 3740 1639 3803 (Nouo.
1686 3754 1820 3788 revue
1861 3739 2028 3787 histor.
2076 3738 2203 3787 XVI
2237 3739 2418 3804 (1892)
2453 3757 2500 3804 p.
2537 3741 2658 3806 250)

272 3822 396 3872 nihil
446 3822 680 3870 interesse
721 3821 851 3870 inter
896 3836 1006 3869 eum
1054 3820 1139 3883 qui
1174 3819 1415 3884 possidet,
1450 3822 1499 3868 et
1535 3835 1642 3868 611111
1681 3821 1766 3883 (1111
1799 3820 1895 3868 vim
1933 3820 2070 3878 facit,
2105 3820 2156 3867 id
2190 3823 2262 3868 est
2295 3821 2534 3884 possidere
2566 3837 2664 3870 non

269 3903 412 3952 sinit:
471 3905 554 3951 ‚la
598 3902 672 3952 vis
705 3940 716 3951 .
742 3941 753 3950 .
773 3940 784 3950 .
807 3940 817 3950 .
855 3919 917 3952 en
960 3899 1143 3950 re'alite'
1184 3899 1308 3950 n’est
1341 3917 1431 3964 que
1466 3903 1511 3950 le
1529 3902 1644 3965 fait
1679 3899 1924 3950 d’eaeercer
1959 3903 2008 3949 la
2029 3899 2335 3963 possession”.
2384 3903 2524 3966 Quod
2558 3903 2666 3952 ideo

271 3999 442 4033 verum
496 3998 593 4031 non
638 3986 734 4041 est,
785 3983 896 4046 quis
953 3982 1277 4047 possidemus,
1327 3981 1439 4029 licet
1486 3982 1610 4030 nulli
1656 3982 1756 4031 vim
1801 3981 2042 4030 faciamus.
2094 3982 2395 4046 Consequens
2429 3985 2501 4032 est
2534 3983 2668 4032 aliud

269 4081 367 4114 esse
400 4065 651 4130 possidere
666 4102 679 4122 ,
713 4065 844 4113 aliud
877 4063 1143 4128 possidenti
1177 4063 1276 4111 vim
1309 4062 1478 4112 facere.

338 4147 389 4204 2)
422 4148 539 4194 Das
570 4146 710 4194 edict.
744 4161 879 4210 perp.
917 4161 963 4209 p.
1002 4143 1117 4195 379.

338 4230 390 4287 3)
431 4228 500 4276 L.
542 4229 571 4275 3
608 4229 677 4288 §5
716 4228 773 4274 D.
811 4226 960 4284 41.2,
999 4226 1056 4275 cf.
1095 4225 1129 4274 l.
1168 4227 1197 4274 3
1232 4241 1305 4290 pr.
1336 4228 1395 4275 D.
1432 4225 1613 4276 43.17.

336 4311 393 4370 4)
432 4309 515 4358 cf.
554 4307 589 4356 1.
626 4308 688 4360 17
724 4323 800 4372 pr.
837 4310 893 4355 D.
931 4307 1079 4357 41.2.

339 4393 395 4460 ᾗ)
432 4390 559 4438 Non
593 4388 660 4436 sic
693 4391 937 4452 acceptum
972 4388 1132 4446 velim,
1173 4388 1309 4451 quasi
1344 4388 1529 4452 placeat
1563 4388 1811 4438 interdicti
1846 4405 2010 4449 causa,
2045 4406 2189 4454 quam
2221 4391 2320 4440 dixi
2353 4406 2450 4441 non
2484 4391 2671 4455 placere

274 4473 438 4537 capite
479 4472 661 4520 harum
694 4468 927 4520 observat.
962 4470 1088 4518 LIX
1124 4470 1157 4518 i.
1176 4470 1209 4518 f.

2315 4570 2378 4616 12
