3351 5463
1270 395 1772 444 fflsrornms.
2581 375 2713 444 339

308 558 497 624 illud
564 561 709 639 πρὸς
779 561 883 626 τὸν
956 561 1173 626 Μίνωα
1244 560 1441 646 (1111511
1507 564 1576 625 111
1646 585 1716 627 π.
1789 587 1849 626 τ.
1924 561 2300 641 Μινόταυρον
2366 561 2714 649 refingebat

310 664 678 747 Fritzsche)
724 686 761 730 a
806 687 943 732 sero
992 666 1257 732 demum
1303 672 1453 730 nato
1500 667 1760 732 homine
1811 666 2025 752 aliquo
2074 687 2208 734 esse
2246 667 2567 733 adiectum
2585 715 2601 744 ‚
2643 670 2714 732 in

310 772 609 856 quinque
656 777 875 837 autem
922 772 1023 836 his
1068 773 1239 836 notis
1302 771 1410 850 (ad
1454 793 1550 838 vs.
1596 771 1750 849 465,
1792 772 1946 851 473,
1990 772 2144 851 474,
2186 770 2317 840 475
2358 774 2502 854 bis),
2553 794 2714 859 quae

310 879 520 940 unius
578 879 781 942 instar
842 882 1027 954 sunt,
1092 897 1427 962 perperam
1488 877 1656 946 tradi
1729 878 2105 963 Euripidem
2176 880 2331 945 haec
2392 879 2452 942 ἕν
2519 885 2718 953 Θησεῖ

310 981 592 1058 dixisse,
631 983 699 1045 in
739 984 1011 1046 vetustis
1051 984 1224 1046 enim
1264 982 1343 1046 ad
1380 981 1590 1046 Ranas
1625 987 2100 1049 commentariis
2137 985 2238 1048 ἐπὶ
2277 993 2476 1058 Θησεῖ
2511 984 2708 1048 fuisse

312 1088 638 1171 scriptum
654 1135 672 1165 ,
735 1089 811 1152 de
861 1089 1073 1152 Theseo
1122 1124 1207 1136 —
1252 1090 1322 1152 in
1369 1088 1661 1154 Pirithoo
1709 1089 1952 1156 scilicet
2002 1090 2240 1156 fabula.
2291 1089 2464 1169 Quae
2512 1092 2569 1154 51
2612 1091 2706 1153 ita

312 1197 509 1269 sunt,
573 1193 903 1258 Pirithous
948 1194 1055 1258 hic
1100 1195 1169 1258 in
1217 1192 1477 1258 scholiis
1524 1194 1784 1260 affertur
1832 1199 1906 1260 ut
1953 1196 2170 1261 fabula
2213 1195 2559 1282 Euripidea
2576 1244 2593 1273 ,
2643 1199 2710 1260 et

310 1305 453 1364 tres
501 1319 747 1383 quoque
794 1300 1075 1364 trimetri
1119 1297 1221 1364 illi
1268 1300 1455 1364 modo
1503 1303 1806 1386 excripti,
1873 1304 1985 1386 qui
2019 1295 2183 1366 licet
2230 1322 2358 1366 non
2403 1305 2534 1367 sint
2569 1322 2709 1366 con-

312 1403 569 1470 similes
617 1405 1132 1490 Aristophaneis,
1182 1405 1355 1470 haud
1402 1411 1619 1472 tamen
1666 1407 1745 1472 ab
1796 1411 1876 1472 iis
1915 1408 2286 1485 abhorrent,
2329 1408 2708 1494 legebantur

310 1513 390 1574 in
459 1509 737 1575 Pirithoi
805 1509 944 1576 loco
962 1559 977 1589 ,
1051 1531 1243 1596 quem
1312 1515 1593 1578 comicus
1664 1534 1832 1579 1111115
1892 1515 2225 1591 imitatur;
2289 1534 2447 1598 quae
2509 1515 2706 1578 etiam

315 1613 805 1680 Wilamowitzii
863 1615 959 1681 l.l.
1026 1621 1125 1682 est
1185 1619 1517 1683 sententia.
1582 1617 2129 1703 Praepositionem
2193 1618 2299 1682 ἐπί
2357 1620 2426 1682 111
2472 1619 2531 1682 ἐν
2581 1638 2709 1684 551-
2804 1602 2810 1608 ’

312 1727 581 1806 ruptam
627 1723 825 1787 etiam
871 1721 1159 1788 scholion
1207 1721 1395 1806 Vesp.
1450 1721 1622 1787 1026
1670 1723 1964 1807 praebet:
2017 1724 2090 1788 δι’
2129 1723 2400 1788 Εὔπολιν
2423 1745 2437 1774 ⁸
2488 1724 2550 1787 ἐν
2591 1725 2710 1788 Αὐ-

316 1826 561 1906 τολύκῳ
631 1825 691 1891 δὲ
759 1826 1022 1892 τοιαῦτά
1093 1833 1281 1904 Φησι,
1339 1828 1451 1893 ubi
1500 1829 1766 1894 antehac
1813 1831 2070 1894 restitui
2118 1830 2252 1894 e’vr’:
2303 1831 2377 1894 de
2423 1829 2710 1913 Autolyco

320 1933 471 1995 haec
517 1954 675 1995 nunc
718 1932 870 1996 dicit
915 1931 1372 2013 (Aristophanes
1408 1953 1492 1996 sc.
1536 1933 1601 1996 h.
1629 1933 1698 2009 1.,
1743 1955 1867 1998 11511
1905 1934 2173 2019 Eupolis
2213 1934 2498 2015 alicubi).
2541 1934 2708 1999 Item

318 2040 447 2103 Av-
502 2036 653 2115 100,
715 2040 784 2102 in
846 2037 1087 2104 scholio
1150 2039 1211 2102 ἐν
1272 2040 1401 2116 γὰρ
1448 2041 1533 2121 τῷ
1580 2047 1776 2115 Τηρεῖ
1820 2049 2147 2116 Σοφοκλῆς
2196 2041 2472 2114 ἐποίησεν
2524 2041 2710 2106 αὐτὸν

322 2141 815 2221 ἀπωρνιθωμένον
878 2143 981 2207 καὶ
1045 2144 1156 2216 τὴν
1212 2144 1511 2222 Πρόκνην·
1564 2147 1623 2209 ἐν
1670 2139 1714 2225 ᾧ
1764 2144 2005 2222 ἔσκωψε
2055 2146 2265 2210 πολλοὶ
2313 2146 2416 2209 τὸν
2461 2145 2706 2224 Τηρέα,

323 2247 437 2312 ubi
500 2246 841 2332 Sophocles
901 2248 1282 2334 perabsurde
1346 2249 1581 2314 dicitur
1642 2271 1760 2315 suo
1824 2250 2098 2316 dramati
2154 2253 2325 2316 iocos
2380 2250 2457 2315 de
2504 2250 2702 2318 Tereo

324 2355 665 2419 inseruisse
681 2399 699 2430 ,
765 2352 1113 2439 legendum
1184 2358 1283 2419 est
1352 2355 1455 2431 ἐφ’
1526 2350 1569 2434 ᾧ
1588 2403 1604 2431 ,
1677 2363 2040 2439 quapropter
2109 2357 2567 2438 (Aristophanes
2635 2355 2704 2420 in

330 2458 581 2535 Avibus)
642 2457 831 2521 multa
877 2459 951 2520 de
1001 2459 1175 2521 Tereo
1222 2458 1452 2522 iocatus
1498 2467 1603 2522 est.
1653 2459 1830 2524 Haec
1877 2459 2122 2526 55111551
2167 2460 2702 2544 metamorphosis

322 2561 681 2628 multorum
727 2562 804 2628 de
852 2562 1049 2628 'l'ereo
1095 2566 1384 2629 iocorum
1432 2567 1770 2630 materiem
1818 2567 2112 2650 praebuit
2163 2568 2424 2632 comico.

411 2775 512 2839 Ad
555 2795 653 2840 vs.
705 2772 857 2841 479.
906 2774 1127 2839 Μ5155
1171 2795 1381 2860 nugae
1420 2776 1721 2841 videntur
1760 2777 1984 2853 verba,
2026 2798 2186 2862 quae
2225 2778 2395 2863 apud
2431 2777 2706 2844 Ruther-

318 2880 600 2945 fordium
660 2901 788 2945 non
847 2881 1139 2945 invenio:
1207 2881 1389 2945 κοὶλει
1453 2881 1599 2946 θεόν.
1664 2884 1730 2947 οὐ
1780 2883 1906 2959 γὰρ
1961 2882 2245 2955 Διόνυσος
2299 2884 2424 2956 θεὸς
2477 2881 2562 2961 ἦν,
2611 2882 2704 2948 ὅτι

320 2982 490 3051 εἶπεν
554 2988 719 3065 αὐτῷ
783 2985 965 3050 κάλει
1029 2985 1178 3051 θεόν.
1245 2992 1422 3052 τοῦτο
1486 2989 1549 3051 δὲ
1594 2991 1674 3059 ὥς
1725 2989 1782 3051 ἐν
1834 2990 2120 3071 κωμῳδίᾳ
2168 2990 2557 3055 πέπλασται.
2609 2988 2703 3055 At

317 3092 519 3157 scribe
559 3093 823 3177 signum
860 3092 1299 3177 interrogandi
1336 3097 1483 3158 ante
1523 3098 1701 3157 τοῦτο
1741 3099 1806 3158 51
1830 3096 2074 3178 optima
2098 3098 2329 3160 emicat
2352 3098 2702 3163 sententia:

319 3219 531 3277 eryone
590 3197 894 3280 Dionym
910 3244 927 3273 ,
990 3196 1095 3280 qui
1160 3198 1373 3274 „deum
1436 3197 1752 3261 invocare''
1822 3221 1979 3263 nunc
2039 3200 2201 3263 iubet
2243 3222 2472 3265 servum
2491 3249 2507 3278 ,
2558 3203 2705 3265 dem

318 3324 439 3367 nou
482 3308 571 3365 eet
616 3303 745 3383 {pse
760 3302 797 3364 :⁹
843 3302 961 3365 Sed
993 3324 1113 3382 per
1154 3301 1343 3365 iocum
1390 3302 1533 3365 haec
1579 3309 1722 3365 sunt
1750 3304 1928 3385 ficta.

406 3514 508 3578 Ad
552 3534 645 3579 vs.
696 3511 849 3580 487.
895 3514 1330 3579 Levissimum
1369 3519 1466 3578 est
1508 3514 1675 3599 quod
1716 3536 1884 3580 1111115
1925 3516 2306 3593 observabO,
2351 3516 2460 3581 sed
2485 3522 2700 3581 tamen

316 3621 585 3684 minime
630 3618 862 3685 inutile
902 3619 982 3686 ad
1020 3619 1497 3687 Dindorfianam
1537 3620 1931 3685 scholiorum
1969 3621 2316 3687 editionem
2357 3643 2472 3687 suo
2495 3624 2701 3707 pretio

228 3712 245 3725 ’
317 3724 798 3789 aestimandam.
840 3724 917 3789 In
956 3724 1013 3789 R
1051 3727 1284 3789 omissa
1323 3730 1473 3790 sunt
1511 3727 1705 3791 verba
1747 3728 2110 3811 sequentia,
2153 3727 2384 3812 quibus
2421 3725 2704 3791 illustra-

316 3836 426 3894 tur
462 3829 732 3916 Dionysi
770 3829 1184 3895 exclamatio:
1244 3830 1491 3894 timidus
1532 3834 1810 3915 quomodo
1847 3834 1958 3896 sim
1997 3855 2099 3913 eqo
2117 3881 2132 3909 ,
2175 3833 2278 3917 qui
2316 3833 2624 3915 sponqiam
2663 3855 2702 3894 a

320 3944 377 3999 te
409 3934 835 4017 poposcerint?
883 3940 988 3999 τοῦ
1037 3938 1162 4015 γὰρ
1212 3934 1411 4001 δειλοῦ
1462 3937 1529 3999 τὸ
1595 3939 1806 4001 οἰκεῖον
1871 3942 2128 4015 σιωπᾶν,
2194 3939 2260 4001 οὐ
2321 3939 2390 4002 τὸ
2458 3946 2696 4002 λαλεῖν.

318 4040 527 4105 Immo
590 4043 697 4105 τοῦ
761 4040 889 4122 γὰρ
952 4039 1149 4105 δειλοῦ
1217 4042 1521 4106 οἰκεῖον
1582 4041 1664 4103 τὸ
1713 4047 1970 4119 σιωπᾶν,
2019 4048 2096 4106 111
2139 4042 2409 4127 quilibet
2459 4039 2728 4107 Graece'

319 4145 426 4210 vel
487 4145 895 4210 mediocriter
954 4146 1175 4211 doctus
1223 4149 1444 4211 statim
1492 4149 1787 4233 corrigat.
1853 4146 2020 4226 Quid
2067 4153 2283 4211 autem
2331 4148 2500 4231 apud
2545 4146 2725 4211 Din-'

320 4248 594 4314 dorfium
656 4255 1032 4315 annotatum
1092 4250 1227 4315 est?
1279 4253 1527 4329 ,,οἰκεῖον
1579 4255 1647 4317 τὸ
1697 4275 1754 4314 o.
1805 4251 1922 4317 V''.
1973 4251 2148 4336 Ergo
2196 4250 2367 4316 ultro
2415 4254 2700 4337 corrupit

319 4354 523 4419 editor
566 4355 633 4419 id
682 4356 854 4440 quod
898 4357 966 4419 in
1011 4359 1321 4441 mscripto
1369 4360 1609 4441 optime
1656 4358 1867 4423 habet.
1915 4357 2015 4421 Ex
2063 4378 2281 4443 ungue
2325 4356 2594 4423 leonem.
