3351 5463
1173 365 1673 415 Aius'rornffls.
2490 343 2619 412 10¹7

252 538 460 598 natura
500 532 721 614 docuit
764 530 1077 617 quomodo
1115 529 1427 616 legendus
1469 535 1635 596 esset
1658 530 2134 613 Aristophanae.
2182 527 2380 593 Nullo
2416 530 2624 613 igitur

251 637 499 704 verbulo
567 637 785 702 addito
847 636 1018 701 locos
1083 635 1419 701 nonnullos
1483 658 1517 701 e
1572 636 1767 701 Ranis
1829 635 2083 699 afferam
2145 634 2224 698 ad
2291 655 2446 719 quos
2509 654 2583 697 ea
2603 682 2620 712 ‚

252 764 419 830 quae.
443 744 715 809 calidius
762 744 1026 809 fortasse
1074 742 1263 807 modo
1310 744 1464 819 ieci,
1515 744 1831 825 pertinere
1879 741 2042 805 mihi
2088 741 2406 807 vident-ur.

330 956 448 1022 Sed
485 956 924 1042 incipiendum
966 960 1062 1021 est
1101 976 1137 1021 a
1178 957 1545 1040 quaestione
1582 976 1745 1039 quae
1784 977 1911 1019 non
1947 955 2026 1019 ad
2051 955 2246 1020 verba
2267 959 2492 1038 poetae
2514 954 2652 1019 sed-

254 1063 320 1127 ad
357 1065 885 1148 scenographiam
925 1066 1189 1147 spectat.
1234 1060 1402 1140 Quid
1439 1064 1507 1125 in
1544 1082 1764 1126 scenae
1812 1066 1993 1145 parte
2039 1060 2382 1145 posteriore
2430 1062 2628 1125 cerni-

252 1166 385 1232 tur?
428 1168 770 1246 „Herculis
809 1167 1077 1231 domus'’
1120 1169 1342 1230 statim
1364 1166 1701 1251 respondet
1726 1168 2012 1251 quisquis
2033 1165 2318 1230 fabulam
2337 1170 2624 1229 nostram

251 1277 547 1339 memoria
608 1279 801 1338 tenet.
865 1272 964 1337 Ita
1026 1277 1123 1337 est
1184 1294 1351 1337 sane.
1420 1271 1625 1352 Quam
1689 1273 1802 1336 ubi
1865 1275 2060 1336 sitam
2121 1270 2375 1335 finxerit
2438 1276 2624 1355 poeta

248 1383 528 1467 ignorare
563 1401 669 1444 me
708 1401 781 1444 eo
820 1378 1149 1444 lubentius
1196 1378 1494 1443 confiteor
1540 1378 1709 1463 quod
1756 1380 1973 1462 ipsum
2020 1379 2338 1441 comicum
2382 1377 2500 1440 hac
2547 1375 2624 1440 de

250 1508 310 1551 re
368 1490 836 1571 interrogatum
900 1485 1055 1569 quid
1108 1484 1515 1569 responderet
1554 1485 1930 1548 habiturum
1978 1504 2102 1546 non
2150 1483 2344 1547 fuisse
2380 1484 2621 1567 opinor.

251 1592 469 1656 Fuitne
517 1594 585 1654 in
634 1590 931 1668 Boeotia,
980 1589 1283 1654 Herculis
1330 1592 1571 1674 patria,
1613 1595 1690 1653 ut
1729 1590 1972 1654 vetusti
2012 1587 2275 1672 quidam
2315 1587 2626 1671 putabant

250 1693 659 1781 interpretes?
724 1694 881 1760 Vix·
912 1695 1211 1760 credibile
1229 1717 1245 1773 ;
1312 1698 1381 1759 in
1441 1696 1656 1759 Attica
1721 1697 1940 1779 potius
1997 1715 2113 1758 nos
2173 1695 2415 1757 versari
2477 1712 2626 1756 cum

249 1805 399 1867 ratio
469 1802 593 1867 fert
664 1807 810 1865 tum
882 1822 1043 1885 quae
1116 1802 1192 1865 de
1259 1798 1587 1867 Ceramico
1651 1822 1778 1863 non
1840 1801 2037 1863 nimis
2102 1798 2322 1883 procul
2381 1805 2626 1863 remoto

251 1907 539 1992 dicuutur
593 1928 689 1972 vs.
758 1904 1137 1972 127-129.
1204 1905 1329 1971 Sed
1393 1908 1629 1971 certius
1696 1904 1952 1969 definiri·
2003 1903 2167 1968 nihil
2212 1908 2438 1988 potest.
2486 1902 2630 1967 Una

251 2035 339 2077 res
400 2020 620 2077 tamen
684 2017 965 2076 constat:
1038 2028 1167 2075 NON
1232 2013 1512 2075 cernitur
1572 2031 1741 2073 nunc
1802 2012 1872 2073 in
1935 2028 2119 2073 scena
2179 2007 2245 2071 id
2308 2008 2476 2091 quod
2534 2007 2628 2071 ibi

252 2122 786 2203 repraesentatum
848 2138 983 2181 esse
1045 2138 1078 2181 e
1141 2138 1336 2181 versu
1402 2115 1554 2193 501,
1614 2117 1727 2180 ubi
1790 2114 2048 2179 Melites
2106 2116 2238 2179 vici
2282 2114 2510 2177 urbani
2555 2112 2628 2177 fit

252 2228 483 2289 mentio
506 2272 523 2301 ,
590 2224 769 2287 fuere
837 2225 948 2307 qui
1009 2222 1358 2288 efficerent:
1403 2224 1636 2307 fanum
1701 2221 1840 2285 dico
1901 2219 2053 2285 belli
2113 2219 2630 2305 Peloponnesiaci

252 2332 427 2395 initio
512 2327 783 2393 Herculi
861 2326 1215 2407 ἀλεξικάκῳ
1285 2328 1556 2392 Athenis
1629 2326 2014 2391 dedicatum.
2095 2326 2394 2408 Tempbum
2463 2323 2630 2388 scili-

250 2441 371 2512 cet,
431 2435 627 2520 idque
696 2435 967 2498 Athenis
1032 2437 1401 2498 extructum
1423 2482 1439 2510 ,
1507 2453 1642 2497 esse
1707 2432 1976 2496 domum
2035 2430 2217 2495 illam
2278 2430 2446 2494 unde
2491 2450 2630 2513 pro-

250 2540 334 2603 dit
380 2542 665 2605 comicus
711 2538 821 2603 ille
870 2538 1184 2603 Hercules
1231 2560 1449 2603 rerum
1495 2538 1884 2601 urbanarum
1933 2541 2067 2599 tam
2113 2532 2326 2598 rudis!
2400 2532 2629 2614 Templi

253 2644 463 2711 valvas
526 2666 565 2709 a
627 2644 911 2731 Dionyso
978 2647 1100 2722 (vs.
1136 2641 1233 2709 -37
1262 2650 1383 2727 sq.)
1435 2648 1833 2719 κενταυρικῶς
1881 2640 2148 2725 pedibus
2191 2637 2357 2725 peti!
2419 2638 2628 2702 Immo

252 2753 525 2815 cernitur
582 2751 820 2817 domus
838 2799 855 2827 ,
929 2753 1083 2815 satis
1153 2749 1423 2814 humilis
1494 2752 1720 2834 opinor
1789 2755 1979 2831 atque
2047 2745 2339 2831 vulgaris
2357 2793 2372 2824 ,
2445 2747 2628 2809 cuius

246 2857 497 2921 ianuam
579 2856 945 2941 petulanter
1025 2857 1303 2940 percutit
1384 2854 1713 2940 Dionysus
1793 2853 2061 2917 fratrem
2130 2854 2363 2918 visens.
2448 2849 2630 2929 Quod

248 2967 578 3047 postquam
646 2964 1087 3046 perspeximus
1106 3009 1121 3038 ,
1190 2965 1514 3045 praeterea
1574 2961 2039 3046 grammaticae
2105 2978 2222 3042 ope
2271 2956 2630 3021 confirmari

249 3072 485 3151 potest,
574 3089 725 3132 nam
800 3090 897 3133 vs.
972 3067 1059 3132 89
1133 3089 1286 3132 cum
1352 3065 1666 3130 Hercules
1739 3069 1922 3150 rogat
1990 3066 2198 3128 οὐκοῦν
2270 3059 2424 3138 ἕτερ’
2495 3060 2622 3124 ἔστ’

253 3173 598 3237 ἐνταῦθα
640 3173 1093 3251 μειρακύλλια,
1134 3183 1328 3236 nonne
1365 3171 1568 3234 istic
1608 3172 1777 3253 apud
1812 3177 1869 3233 te
1894 3167 2070 3232 —id
2109 3173 2204 3232 est
2241 3168 2512 3232 Athenis
2539 3202 2625 3214 --

252 3278 359 3340 abii
426 3286 569 3342 sunt
622 3279 877 3361 pueruli
952 3283 1249 3364 poemata
1310 3281 1659 3363 pangentes
1678 3323 1695 3353 ,
1761 3296 1826 3339 se
1889 3277 2107 3360 ipsum
2167 3294 2293 3337 non
2356 3272 2626 3336 Athenis

250 3386 461 3450 vivere
507 3384 869 3449 luculenter
916 3383 1258 3471 significat.

333 3596 437 3662 Vs.
491 3597 577 3663 86
602 3617 696 3681 sq.
751 3596 846 3661 De
892 3599 1154 3684 tragicis
1197 3598 1400 3681 poetis
1449 3597 1817 3660 etiamnunc
1863 3593 2314 3678 superstitibus
2361 3591 2627 3656 fratrem

249 3705 645 3790 interrogans
693 3701 1003 3767 Hercules
1052 3702 1310 3767 tandem
1355 3701 1425 3778 „5
1467 3701 1527 3764 δὲ
1573 3699 1980 3775 Ξενοκλέης;”
2028 3735 2111 3748 —-
2153 3696 2275 3765 Cui
2318 3696 2629 3774 »ἐξόλοιτο

254 3809 313 3882 νὴ
354 3809 525 3872 ΔΙαι”
568 3807 919 3894 respondet
944 3807 1289 3894 Dionysus.
1332 3806 1497 3872 Dein
1534 3805 1844 3870 Hercules
1879 3804 2336 3881 „nvookwsaoq
2373 3803 2513 3880 δὲ;”
2545 3839 2630 3850 -—-

254 3910 414 3977 Tum
476 3934 699 3978 servus
766 3913 1116 3989 Xanthias,
1182 3913 1261 3976 ad
1308 3915 1692 3995 spectatores
1739 3909 1980 3974 scilicet
2027 3929 2366 3992 conversus
2386 3956 2401 3984 ,
2453 3907 2630 3985 ,strepi

256 4018 393 4094 ἐμοῦ
463 4019 517 4082 δ’
544 4010 762 4090 ὀὐδεὶς
826 4017 1057 4094 λόγος”
1122 4016 1461 4081 exclamat.
1527 4015 1630 4081 Sic
1694 4016 1924 4079 tradita
1986 4017 2378 4099 accepimus,
2427 4034 2630 4097 neque

254 4124 608 4189 mordacius
656 4124 733 4188 de
779 4115 1058 4208 pessimo
1105 4128 1291 4207 poeta
1340 4123 1489 4186 ferri
1536 4124 1751 4206 potuit
1796 4120 2107 4184 iudicium
2157 4140 2351 4203 quam
2391 4117 2633 4184 servuli

253 4229 347 4294 his
393 4231 613 4296 verbis
637 4279 653 4307 ,
702 4228 962 4315 neglegi
1008 4250 1074 4292 se
1132 4230 1453 4314 querentis
1502 4249 1647 4292 cum
1697 4226 1804 4291 vel
1849 4226 2082 4290 talium
2127 4227 2632 4290 homuncionum

254 4333 357 4397 fiat
417 4337 681 4401 mentio.
746 4335 834 4398 At
898 4355 1165 4409 „manca
1226 4334 1381 4397 haec
1439 4332 1630 4396 sunt''
1683 4332 1955 4396 editores
2001 4331 2246 4395 dudum
2294 4331 2631 4404 edixerunt

254 4444 309 4504 et
371 4439 641 4504 lacunae
701 4441 967 4525 appingi
1028 4441 1161 4504 iam
1214 4437 1421 4503 solent
1466 4440 1649 4524 signa
1668 4485 1685 4515 ,
1734 4436 1907 4521 quod
1947 4435 2216 4501 Herculi
2252 4434 2626 4520 respondere
