3351 5463
632 381 765 449 208
1574 395 2075 448 memoramus.

629 562 861 645 εἴρηκεν
908 563 1034 627 ἀπὸ
1082 567 1191 628 τοῦ
1241 560 1568 640 κατάγειν.
1618 561 1802 627 Alter
1847 561 2030 627 loeus
2075 583 2154 626 ex
2203 561 2404 627 altero
2449 565 2858 650 corrigendus
2897 570 3019 631 est.

720 691 817 737 vs.
871 668 1066 748 1244,
1096 667 1201 734 34.
1266 668 1508 755 Supple
1572 669 1744 734 κατὰ
1809 669 2094 748 (μέσον)
2163 672 2270 732 τοῦ
2332 669 2674 745 συμποσίου
2740 672 3022 736 ἐτίθεσαν

628 779 894 855 άγγεῖον
956 773 1153 853 ὅμοιον
1219 777 1487 858 λεκάνη,
1553 775 1702 841 0011.
1767 774 1814 842 l.
1867 773 1952 839 50
1977 796 2068 860 sq.
2128 771 2398 840 ἵστασαν
2443 774 2628 852 ξύλον
2675 801 2737 842 τι
2787 777 3021 856 λυχνίῳ

630 882 1065 962 παραπλησίον
1116 883 1190 945 ἐν
1241 882 1454 962 μέσῳ
1501 887 1610 946 τοῦ
1659 882 2024 957 συμποσίου.
2075 880 2234 946 Mox
2272 880 2316 945 l.
2364 880 2445 945 11
2489 903 2639 947 eum
2680 881 3024 970 Blaydesio

628 989 976 1076 legendum
1029 988 1091 1051 ἐν
1140 981 1181 1067 ᾧ
1231 986 1682 1065 ὀξυβάφων
1733 983 1800 1061 ἦν
1847 987 2402 1052 ἐπιπλεόντων
2449 990 2677 1061 πλῆθος
2727 1010 2842 1075 pro
2888 989 3028 1067 ὀξύ-

625 1097 844 1174 βαφον
892 1101 955 1160 et
1005 1091 1297 1157 ἕπιπλέον
1344 1094 1435 1157 τὸ.
1507 1093 1756 1159 Ibidem
1801 1093 1847 1158 1.
1897 1092 1983 1158 28
2031 1115 2144 1179 pro
2186 1091 2658 1172 διακυβεύοντες
2708 1095 3026 1160 Athenaei

628 1202 808 1269 codd.
860 1205 1195 1266 servarunt
1239 1221 1461 1265 veram
1508 1199 1848 1264 lectionem
1894 1199 2365 1275 δυσκυβοῦντες.
2429 1200 2502 1264 L.
2555 1201 2641 1266 32
2691 1201 3022 1288 distingue

629 1313 693 1372 et
762 1305 1022 1391 supple:
1104 1299 1171 1377 ἦν
1243 1305 1305 1370 δὲ
1375 1304 1625 1382 λύχνιον
1696 1303 2182 1382 <άν>αγόμενον
2251 1304 2444 1370 πάλιν
2513 1331 2585 1370 τε
2657 1315 3023 1382 συμπῖπτον

633 1412 891 1493 ὑψηλόν,
941 1409 1085 1492 ἔχον
1130 1409 1233 1474 τὸν
1284 1417 1486 1486 μανῆν
1535 1410 1935 1488 καλούμενον,
1995 1411 2097 1489 ἐφ’
2148 1406 2190 1489 ᾧ
2242 1407 2402 1492 (ow)
2451 1413 2562 1485 την
2611 1412 3025 1491 καταβαλλο-

631 1516 817 1595 μένην
884 1514 1049 1594 (ἔδει
1114 1515 1222 1582 vel
1285 1524 1489 1594 χρῆν)
1558 1516 1876 1581 ἐπιπεσεῖν
1939 1515 2355 1601 πλάστιγγα,
2413 1533 2554 1582 κτλ.
2625 1517 2874 1584 Ibidem
2929 1517 3022 1583 36

634 1625 741 1688 καί
803 1646 894 1693 τις
962 1620 1029 1696 ἦν
1086 1621 1343 1699 άκριβῆς
1396 1621 1682 1702 εὐχέρεια
1730 1629 1840 1696 τῆς
1891 1621 2108 1698 βολῆς.
2177 1622 2417 1687 Iniuria
2463 1625 2618 1688 haee
2662 1625 2856 1689 verba
2901 1645 3022 1709 pro

631 1751 821 1796 versu
883 1737 1105 1815 poetae
1165 1729 1393 1793 habuit
1452 1727 1689 1794 Kaibel
1750 1728 1831 1810 ad
1878 1727 2111 1792 Athen.
2163 1750 2224 1813 p.
2277 1727 2408 1792 666
2434 1728 2508 1794 Ε.
2580 1729 2776 1794 Haud
2827 1730 3038 1794 dubie·

630 1856 853 1901 veram
940 1834 1281 1899 lectionem
1368 1835 1648 1915 εὐχειρία
1735 1835 2020 1899 servavit
2090 1834 2491 1913 Athenaeus,
2561 1835 2775 1900 voluit
2844 1839 3026 1902 enim

632 1943 1097 2028 grammaticus
1182 1941 1540 2027 significare
1620 1941 1698 2004 ad
1769 1943 2015 2006 iactum
2083 1939 2272 2004 illum
2349 1961 2508 2025 opus
2577 1963 2712 2006 esse
2782 1963 3026 2029 magna.

634 2069 865 2114 manus
912 2047 1247 2111 habilitate
1295 2052 1360 2111 et
1404 2045 1718 2133 agilitate.
1769 2046 2011 2112 Deinde
2056 2049 2266 2112 neseio
2313 2067 2394 2111 an
2436 2047 2887 2133 corrigendum
2935 2050 3030 2113 sit

629 2153 676 2218 1.
728 2150 811 2218 37
864 2149 931 2226 ἦν
980 2152 1043 2215 δὲ
1090 2149 1287 2230 ἕτερον
1334 2148 1489 2223 εἶδος
1542 2152 1800 2225 παιδιᾶς
1851 2155 1886 2228 ἦ
1934 2158 2073 2238 (pro
2121 2158 2259 2232 τῆς)
2309 2153 2368 2216 ἐν
2416 2153 2664 2234 λεκάνη.

724 2282 819 2326 vs,
874 2247 1292 2329 1250“06r0;
1364 2257 1548 2338 κράνη
1621 2260 1856 2339 κομίζει
1930 2259 2080 2326 δύο.
2153 2259 2347 2346 Legit
2409 2263 2618 2346 igitur
2679 2259 3024 2326 scholiasta

632 2367 801 2452 apud
848 2365 1342 2450 Aristophanem
1385 2365 1532 2430 Pae.
1583 2387 1682 2431 vs.
1726 2364 1894 2430 1251
1947 2365 2255 2443 τοῖνδε,
2298 2366 2467 2450 quod
2506 2366 2693 2431 hodie
2729 2367 2798 2431 in
2835 2365 3021 2431 nullo

634 2473 849 2538 codice
895 2478 1111 2537 extare
1156 2472 1412 2537 videtur
1455 2493 1570 2556 pro
1617 2472 1823 2536 τῶνδε.

723 2601 817 2644 vs,
886 2577 1061 2643 1300
1124 2578 1393 2644 πόσθωνε
1460 2576 1935 2658 ὑποκοριζόμενοι
1999 2575 2184 2648 οὕτως
2253 2575 2470 2654 ἔλεγον
2531 2578 2617 2643 τοὶ
2683 2579 2924 2643 παιδία.
2980 2579 3016 2655 ἢ

632 2682 786 2750 οὕτω
857 2684 1119 2763 λέγεται
1190 2689 1296 2749 τοῦ
1367 2682 1640 2764 βρέφους
1713 2682 1780 2748 τὸ
1848 2681 2086 2749 αἰδοῖον.
2161 2681 2438 2750 Confusa
2499 2690 2650 2750 sunt
2709 2685 2831 2751 hoe
2874 2684 3017 2751 1000

632 2813 793 2877 quae
842 2792 1191 2856 sexcenties
1237 2812 1273 2855 a
1318 2790 1595 2855 librariis
1644 2790 2122 2855 confunduntur
2167 2790 2432 2856 voculae
2480 2790 2514 2867 ἥ
2563 2799 2628 2857 et
2677 2792 2808 2857 scal.
2875 2790 3017 2857 Ma·

629 2897 860 2961 nifesto
907 2898 1081 2959 enim
1123 2898 1474 2981 requiritur
1521 2895 1656 2960 καὶ
1708 2893 1862 2960 οὕτω
1908 2897 2175 2972 λέγεται
2226 2897 2356 2959 κτὲ.

722 3024 817 3067 vs,
870 3002 1045 3067 1330
1104 3007 1245 3066 τῶν.
1288 3002 1414 3080 γὰρ
1476 3002 1694 3080 άνδρῶν
1760 3002 1820 3065 ἕν
1885 3002 2078 3085 εἰρήνη
2142 3000 2324 3067 ὄντων
2388 3004 2453 3066 αἱ
2501 3012 2793 3080 γυναῖκες
2843 3021 3020 3071 συλ-

629 3108 1241 3185 λαμβάνονται.
1284 3107 1427 3172 Non
1469 3114 1738 3192 possunt
1776 3109 1931 3173 haee
1971 3110 2165 3173 verba
2203 3108 2381 3173 aliud
2420 3110 2778 3195 significare
2819 3132 3018 3196 quam

628 3215 905 3278 mulieres
928 3214 1266 3297 prehendi,
1317 3213 1485 3299 quod
1531 3217 1683 3299 quia
1727 3214 2079 3278 absurdum
2125 3220 2254 3292 est,
2302 3218 2652 3280 necessario
2701 3219 3021 3303 corrigen-

631 3321 787 3385 dum
834 3314 1575 3397 συλλαμβάνουσι,
1626 3320 1989 3402 concipiunt.

721 3448 817 3492 vs·
872 3425 1046 3490 1334
1112 3426 1379 3490 ἐντεῦθεν
1438 3426 1510 3489 ἐν
1559 3434 1734 3495 τοῖς
1782 3424 2188 3506 άντιγράφοις
2239 3426 2304 3489 οὔ
2352 3426 2612 3504 φέρεται
2660 3427 2741 3491 οὔ
2789 3428 3023 3491 πεντά-

631 3547 803 3597 κωλα
852 3532 1225 3607 ἀκολούθως,
1268 3533 1343 3602 ὥς
1385 3530 1734 3610 φέρεται
1779 3532 1914 3596 καὶ
1961 3531 2225 3595 ἐνταῦθα
2269 3531 2421 3596 ἕστί.
2475 3535 2709 3618 Aperte
2750 3533 3018 3599 delenda

630 3644 728 3703 est
796 3635 996 3701 altera
1065 3640 1324 3722 negatio
1394 3639 1625 3702 vitiose
1695 3640 2002 3722 repetita,
2068 3638 2178 3702 sed
2237 3659 2316 3701 ne
2379 3639 2468 3701 sic
2530 3638 2788 3723 quidem
2833 3638 3017 3705 loeus

628 3748 997 3829 persanatus
1047 3742 1324 3807 videtur.
1374 3742 1557 3807 Unde
1606 3746 1780 3807 enim
1830 3743 1985 3808 haee
2033 3748 2148 3807 τῶν
2195 3744 2605 3807 πεντακώλων
2648 3745 3015 3824 ἀκολουθία,

630 3851 686 3914 si
760 3851 827 3912 in
899 3848 1083 3913 nullo
1155 3848 1364 3913 codiee
1436 3846 1723 3913 extaret?
1811 3848 2016 3928 Quare
2090 3849 2542 3935 corrigendum
2610 3850 2868 3915 videtur
2937 3853 2969 3915 ἕ
2987 3877 3016 3916 ν

629 3954 872 4026 ἐνίοις
915 3954 1020 4021 vel
1058 3954 1132 4019 ἓν
1170 3977 1388 4019 τισιν
1433 3956 1865 4035 ἀντιγράφοις.
1915 3956 2186 4040 Insuper
2224 3963 2595 4040 expectatur
2633 3958 2708 4028 ὦς
2755 3957 3019 4021 ἐνταῦθα

628 4058 889 4141 φέρεται
964 4062 1067 4125 καὶ
1143 4062 1311 4139 ἐστι’,
1378 4062 1483 4127 vel
1542 4064 1760 4146 potius
1821 4065 1897 4131 ὥς
1962 4063 2227 4126 ἐνταῦθα
2287 4064 2454 4141 ἔστί;
2523 4063 2748 4129 deletis
2803 4063 3018 4129 verbis

626 4188 831 4253 errore
879 4167 1192 4252 repetitis.
1243 4166 1623 4253 Scripserim
1678 4171 1920 4254 igitur:
1973 4168 2244 4233 ἐντεῦθεν
2293 4166 2353 4232 ἓν
2399 4193 2556 4233 τισιν
2603 4168 3017 4251 άντιγράφοις

626 4273 695 4337 οὐ
744 4271 1005 4353 φέρεται
1055 4273 1428 4339 πεντάκωλα
1477 4274 1858 4352 άκολούθως,
1903 4277 1997 4359 ὥς,
2032 4275 2295 4339 ἐνταῦθα
2344 4274 2500 4340 ἐστί.

721 4487 847 4554 His
892 4490 1027 4553 iam
1075 4486 1251 4574 prelo
1298 4490 1603 4555 subiectis
1624 4536 1639 4567 ,
1693 4488 1854 4554 dono
1893 4490 2108 4575 accepi
2148 4510 2185 4554 a
2227 4485 2582 4555 Guilielmo
2623 4488 3020 4556 Rutherford
