3351 5463
1150 330 1649 413 merorm‘nns.
2509 349 2633 413 101

267 526 434 606 Quae
495 528 646 593 ferri
705 533 1027 613 nequeunt
1044 576 1060 605 ,
1124 532 1263 594 veri
1326 534 1546 595 autem
1605 529 1983 595 inveniundi
2052 532 2222 594 viam
2269 530 2374 595 hic
2421 536 2495 595 ut
2538 536 2642 601 ,tot
2723 542 2734 571 ³

267 632 405 698 aliis
468 633 624 700 locis
688 635 940 718 aperuit
999 634 1293 721 Bentley,
1355 639 1471 719 qui
1518 635 1862 713 κατόμοσόν
1904 660 2027 713 μοι.
2081 673 2164 685 -
2211 637 2280 709 νὴ
2332 637 2458 700 Δία
2504 658 2643 721 pro-

264 741 477 825 posuit
494 759 511 817 ;
575 740 686 805 sed
746 742 873 804 nisi
930 740 1320 827 languidum
1379 742 1546 807 illud
1606 742 1842 820 ὄμοσον,
1903 764 2029 827 quo
2090 740 2356 807 alterius
2416 762 2642 806 versus

264 848 472 910 exitus
534 848 990 931 corrumpitur,
1052 846 1388 912 sublatum
1449 848 1679 925 fuerit,
1752 852 2124 933 persanatus
2170 849 2456 915 nondum
2516 847 2643 913 dici

266 954 498 1038 poterit
539 950 737 1015 locus.
783 952 927 1016 Nisi
973 951 1156 1017 fallor
1204 959 1392 1039 poeta
1438 953 1730 1021 dederat:

352 1061 434 1136 „a
472 1056 815 1133 Ἔμπουσα
862 1057 1157 1135 Φρούδη.”
1216 1096 1294 1107 -
1344 1058 1733 1137 „nardum-dv
1781 1082 1883 1137 μοι
1932 1061 2034 1123 τὸν
2084 1057 2279 1123 ΔΙοι.”

350 1200 443 1213 -
491 1164 603 1242 „vif
651 1164 753 1227 τὸν
803 1163 972 1227 Δί’.”
1023 1200 1109 1213 -
1159 1160 1374 1242 »αὖθις
1422 1163 1784 1243 κατόμοσον.
1839 1200 1924 1214 —-
1976 1166 2085 1243 »νὴ
2138 1166 2240 1229 τὸν
2290 1163 2484 1230 Δία.”

347 1376 457 1441 Vs.
516 1376 646 1441 323
711 1375 906 1444 Chori
967 1379 1255 1443 nondum
1319 1378 1521 1443 oculis
1580 1382 2016 1464 spectatorum
2079 1378 2312 1444 obiecti
2358 1414 2442 1427 —
2491 1396 2643 1441 nam

261 1504 453 1548 versu
513 1482 775 1547 demum
842 1481 971 1547 353
1034 1505 1186 1549 eum
1250 1485 1644 1549 orchestram
1689 1487 1930 1549 intrare
1978 1483 2253 1549 arbitror
2299 1520 2382 1533 --
2431 1486 2644 1569 prima

260 1588 453 1653 verba
498 1588 652 1653 haec
698 1594 881 1652 sunt:
1911 1579 1920 1588 ’

610 1692 832 1774 Ἴακχ’
881 1690 923 1757 ὦ
972 1696 1417 1769 πολυτιμήτοις
1464 1697 1524 1757 ἔν
1575 1692 1781 1771 ἕδραις
1830 1694 2036 1758 ἐνθάδε
2087 1695 2283 1772 ναίων,

260 1820 418 1883 quae
466 1804 673 1865 metro
721 1798 935 1864 Ionico
982 1800 1306 1864 adversari
1349 1822 1538 1869 nemo
1585 1822 1711 1865 non
1759 1800 1956 1866 videt.
2006 1799 2178 1864 Hinc
2215 1801 2284 1863 in
2320 1797 2642 1865 codicibus

260 1904 583 1969 nonnullis
644 1906 879 1969 omissa
940 1910 1035 1971 est
1092 1907 1477 1990 praepositio
1523 1905 1604 1982 ἔν,
1654 1906 1888 1970 Reiske
1935 1926 2086 1971 vero
2135 1905 2494 1990 corrigebat
2541 1928 2643 1969 πο-

260 2010 578 2086 λυτίμητ’,
642 2009 812 2094 quod
868 2013 1211 2095 quominus
1255 2010 1503 2095 placeat
1550 2012 1760 2076 obstat
1805 2032 1934 2076 vox
1975 2008 2174 2089 ἕδῇαις
2220 2011 2502 2096 epitheto
2549 2013 2641 2076 sic

261 2116 587 2181 destituta.
639 2113 949 2180 Omnium
994 2137 1145 2181 vero
1192 2115 1494 2201 plausum
1540 2119 1674 2181 iam
1722 2116 1982 2182 videtur
2019 2117 2246 2182 tulisse
2284 2116 2642 2181 Hermanni

259 2224 619 2286 coniectura
664 2224 1049 2296 πολυτίμοις.
1105 2269 1114 2276 ·
1584 2213 1587 2217 ’
2705 2309 2712 2314 ·

341 2326 689 2391 Frustrane
749 2329 957 2413 igitur
1016 2327 1176 2393 olim
1240 2325 1519 2394 Cobetus
1566 2327 1756 2407 (Nov.
1807 2329 1980 2393 Lect.
2027 2350 2090 2413 p.
2141 2327 2227 2393 56
2253 2334 2376 2414 sq.)
2424 2329 2641 2394 docuit

262 2433 411 2517 quid
474 2434 811 2497 interesset
853 2436 1023 2498 inter
1067 2439 1419 2517 utrumque
1466 2433 1894 2525 adiectivum:
1945 2434 2282 2509 πολύτιμον
2331 2454 2465 2498 esse
2498 2455 2642 2515 pre-

259 2539 511 2631 cios-um,
552 2538 681 2602 dici
726 2541 933 2623 igitur
981 2539 1056 2603 de
1103 2540 1291 2604 rebus
1331 2539 1669 2604 venalibus
1687 2587 1704 2617 ,
1751 2538 2169 2614 πολυτίμητον
2209 2559 2360 2604 vero
2401 2541 2640 2601 deorum

259 2663 386 2708 esse
450 2640 793 2725 epitheton?
854 2644 1127 2711 Minime
1144 2693 1161 2721 ‚
1234 2644 1501 2709 laudant
1563 2647 1739 2709 enim
1801 2634 2312 2711 observationem
2376 2640 2602 2709 Cobeti
2621 2690 2638 2719 ‚

258 2771 377 2834 qua
430 2753 783 2816 certiorem
834 2750 1084 2816 nullam
1144 2754 1402 2837 scripsit
1452 2745 1739 2836 unquam
1757 2800 1774 2829 ,
1843 2789 1925 2802 —-
1993 2757 2278 2816 attamen
2323 2752 2640 2834 recipiunt

254 2857 591 2920 inventum
651 2855 1210 2940 Hermannianum
1227 2904 1244 2932 ‚
1314 2857 1475 2934 „hoc
1539 2859 1715 2922 enim
1769 2856 1910 2922 loco
1973 2859 2291 2922 comicum
2353 2876 2390 2920 a
2453 2854 2640 2922 solito

253 2959 553 3044 loquendi
597 2982 831 3047 genere
878 2960 1264 3027 discedere.''
1330 2962 1475 3027 Non
1520 2960 1662 3026 vidi
1710 2965 1937 3048 magis.
2001 2961 2070 3026 Si
2117 2961 2434 3025 traditum
2477 2967 2640 3025 esset

259 3071 654 3145 πολυτίμοις,
706 3067 1157 3154 corrigendum
1202 3074 1401 3132 esset:
1452 3088 1620 3132 nunc
1667 3089 1793 3132 non
1839 3074 1936 3133 est
1969 3067 2315 3144 traditum,
2357 3071 2639 3132 attamen

258 3177 555 3251 comicuS,
598 3177 711 3259 qui
750 3174 1063 3239 adiectivo
1101 3175 1525 3246 πολυτίμητος
1550 3193 1736 3258 saepe
1760 3194 1914 3238 usus
1938 3178 2034 3238 est
2056 3173 2214 3252 (vid.
2241 3194 2295 3237 e.
2320 3193 2386 3258 g.
2414 3193 2639 3238 versus

254 3283 503 3345 vicinus
550 3279 730 3359 338),
792 3280 912 3344 hoc
956 3279 1096 3344 loco
1145 3277 1411 3365 linguae
1452 3281 1591 3344 vim
1637 3278 1933 3344 intulisse
1971 3278 2270 3342 creditur.
2318 3276 2637 3362 Equidem

254 3406 375 3450 non
436 3385 666 3450 dubito
730 3375 885 3469 quin
946 3385 1263 3449 reicienda
1326 3388 1422 3449 sit·
1472 3384 1830 3449 Hermanni
1879 3384 2274 3461 coniectura,
2325 3383 2436 3447 sed
2481 3382 2638 3467 quid

252 3495 586 3556 restituam
623 3491 848 3556 dubito
866 3539 883 3568 ,
924 3512 1072 3555 cum
1113 3490 1437 3576 duplicem
1478 3490 1732 3556 videam
1772 3493 1946 3556 viam
1972 3488 2218 3554 salutis.
2258 3489 2440 3553 Licet
2463 3491 2637 3552 enim

252 3599 723 3674 accusativum,
787 3599 900 3681 qui
946 3596 1139 3661 verbo
1187 3598 1375 3659 ναίειν
1428 3594 1596 3681 apud
1641 3601 1858 3681 poetas
1909 3632 1993 3644 —-
2041 3597 2368 3680 poeticum
2415 3599 2634 3659 autem

253 3707 343 3766 est
394 3702 673 3768 verbum
720 3721 922 3786 neque
968 3701 1126 3765 alias
1172 3701 1349 3787 apud
1392 3705 1692 3766 nostrum
1740 3701 2006 3766 obvium
2055 3737 2138 3748 ——-
2187 3699 2334 3764 inde
2382 3699 2460 3764 ab
2506 3698 2665 3764 Ho-‘

254 3828 425 3872 mero
466 3809 838 3892 saepissime
874 3807 1251 3871 subiunctus
1290 3811 1417 3882 est,
1460 3806 1851 3871 substituere
1891 3806 2138 3871 dativo:
2178 3805 2633 3880 πολυτιμήτους

254 3910 422 3990 ἔδρας
469 3912 674 3976 ἐνθάδε
713 3914 913 3990 ναίων,
951 3933 1156 3996 neque
1196 3933 1301 3977 me
1341 3912 1616 3977 deterret
1653 3933 1878 3976 versus
1917 3910 2362 3995 antistrophici
2385 3909 2634 3996 syllaba

252 4015 461 4083 brevis'
518 4017 748 4102 long-ae
793 4015 1077 4102 syllabae
1136 4040 1302 4088 -τους
1349 4017 1733 4101 respondens
1752 4065 1768 4093 ,
1821 4037 1971 4081 cum
2017 4016 2274 4080 videam
2319 4017 2518 4080 etiam
2562 4019 2632 4081 in
2668 4068 2673 4071 .

252 4122 474 4208 Vespis
531 4144 759 4188 versus
818 4125 1056 4188 ionicos
1103 4122 1249 4207 plus
1296 4108 1499 4187 semel
1544 4122 1811 4187 eandem
1854 4121 2223 4186 libertatem
2256 4121 2630 4188 admittere.

250 4227 317 4293 Si
373 4235 591 4294 tamen
640 4233 951 4314 gravatur
976 4213 1229 4312 ‘aliquis
1276 4227 1649 4293 huiusmodi
1697 4248 1996 4292 numeros
2041 4229 2268 4292 invitis
2315 4227 2631 4294 codicibus

252 4334 582 4399 obtrudere
642 4336 885 4399 comico
902 4382 918 4411 ,
980 4337 1053 4397 in·
1097 4339 1401 4419 promptu
1450 4339 1547 4399 est
1594 4333 1989 4398 adiectivum
2034 4338 2243 4398 metro
2290 4334 2628 4418 verbisque

253 4460 443 4523 quam
488 4441 769 4504 maxime
815 4439 1366 4504 accommodatum
1413 4459 1616 4524 neque
1664 4437 1918 4502 traditis
1961 4439 2197 4503 litteris
2236 4437 2578 4504 dissimile:
