3351 5463
657 378 790 445 434
1125 398 1208 446 An
1257 398 1453 446 oAssn
1496 398 1710 447 morus
1756 400 2171 458 zoNARfflQua
2216 396 2571 447 ms'romAs.

657 564 932 627 dixerim
993 562 1081 648 de,
1132 562 1285 627 belli
1341 566 1638 628 instantis
1700 570 1935 629 eventu
1992 568 2236 629 incerto
2296 564 2637 629 sollicitos:
2695 563 3037 641 διέμελλον,

657 672 899 754 opinor,
962 668 1374 745 σκοπούμενοι·
1425 666 1557 733 ὅποι
1619 675 1994 749 πολεμοῦσιν
2058 671 2453 745 ἇποβήσεται
2515 671 2598 734 τοὶ
2656 670 3039 749 πράγματα.

657 775 838 855 Quod
901 796 1046 839 cum
1113 777 1356 860 cogit0,
1421 778 1704 840 maxime
1760 775 2036 841 adducor
2068 782 2158 839 ut
2202 780 2428 861 putem
2475 764 2721 841 dedisse
2764 775 3043 840 Dionem

659 881 1130 950 διασκοποῦντες
1179 880 1314 960 περὶ
1366 886 1477 952 τῆς
1525 888 1995 946 ΤΕΛΕΤΤΗΣ
2045 883 2331 961 ἀνέσχον.

746 1082 966 1148 Zonar.
1016 1082 1077 1148 8.
1111 1080 1212 1147 19.
1241 1082 1281 1146 2
1329 1088 1420 1167 (p.
1474 1081 1624 1148 179.
1652 1083 1788 1163 20).
1857 1084 2117 1170 Optimo
2178 1088 2319 1151 iure
2368 1085 2629 1150 offendis
2670 1088 2739 1150 in
2785 1082 3044 1150 Cartha—

655 1189 1053 1275 giniensibus
1097 1187 1231 1252 illis
1282 1190 1395 1273 qui
1438 1188 1713 1253 Romam
1760 1190 2030 1275 aggredi
2078 1190 2357 1255 voluisse
2398 1212 2563 1255 anno
2602 1188 2737 1255 230
2774 1190 3046 1255 absurde

655 1300 1014 1360 narrantur.
1057 1294 1182 1359 Sed
1220 1293 1500 1360 severior
1537 1295 1795 1359 videtur
1832 1300 1947 1360 tua
1984 1297 2311 1361 adnotatio
2355 1296 2850 1381 »Καρχηδονίους
2880 1318 3047 1359 error

659 1399 995 1463 Zonarae''.
1034 1400 1258 1464 Nonne
1296 1398 1691 1484 probabilius
1728 1405 1825 1465 est
1862 1400 2201 1465 librarium
2239 1423 2353 1486 pro
2394 1399 2681 1467 Gallicae
2714 1401 3047 1466 cuiusdam

658 1508 869 1592 gentis
938 1508 1196 1569 nomine
1267 1504 1726 1570 dormitantem
1794 1507 2200 1571 substituisse
2272 1504 2877 1593 Carthaginienses?
2962 1506 3048 1571 Et
3144 1549 3147 1553 -

660 1615 966 1699 quoniam
1035 1616 1291 1675 tantum
1359 1634 1484 1675 non
1555 1616 1805 1676 certum
1875 1611 2135 1676 videtur
2182 1612 2387 1697 ·(quae
2454 1619 2570 1677 tua
2640 1632 2891 1699 quoque
2951 1619 3047 1678 est

658 1720 964 1801 suspicio)
1033 1714 1256 1781 Gallos
1323 1737 1459 1781 esse.
1525 1714 1991 1802 intellegendos
2010 1766 2027 1795 ,
2092 1718 2265 1782 haud
2326 1721 2565 1783 nimiae
2613 1719 2879 1784 fortasse
2926 1719 3047 1783 tibi

658 1822 1043 1888 accusandus
1103 1822 1370 1889 videbor
1431 1822 1729 1887 audaciae
1748 1872 1765 1901 ,
1834 1826 1895 1887 si'
1946 1827 2230 1908 suspicor
2275 1846 2508 1889 nomen
2555 1827 2771 1889 minus
2817 1828 3044 1889 notum

581 1992 586 1996 .
659 1929 958 1993 scribario
1018 1928 1230 1991 fraudi
1291 1928 1490 1992 fuisse
1553 1948 1704 1992 cum
1760 1950 1796 1993 a
1842 1928 2117 1994 Zonaras
2166 1926 2344 1994 Galli
2393 1929 2554 1993 Padi
2600 1928 2845 1994 accolae
2893 1930 3046 1993 dicti

665 2038 876 2099 essent
943 2034 994 2097 οἱ
1065 2039 1243 2110 παρ’
1314 2033 1727 2112 Ἠρίδανον
1796 2033 1904 2099 vel
1970 2037 2203 2112 etiam,
2268 2038 2322 2099 si
2382 2038 2627 2100 maiore
2673 2035 2933 2101 licentia
2978 2038 3046 2098 in

661 2142 918 2204 nomine
958 2138 1254 2224 fingendo
1295 2159 1451 2203 usus
1499 2140 1694 2203 fuerit
1741 2142 2009 2225 scriptor
2054 2143 2189 2205 sive
2237 2139 2360 2205 Dio
2406 2144 2545 2226 ipse
2592 2144 2728 2206 sive
2774 2140 3044 2205 Zonaras

664 2246 756 2322 „oi
822 2242 1284 2322 Παρηριδοὶνιοι”
1369 2244 1537 2327 quod
1603 2266 1836 2309 nomen
1900 2249 2067 2309 certe
2131 2245 2304 2309 haud
2364 2246 2633 2311 absurde
2694 2247 3045 2311 formatum

659 2354 828 2414 esset
889 2349 968 2413 ad
1017 2346 1402 2433 *exemplum
1463 2356 1578 2413 τῶν
1643 2352 2169 2431 Παραποταμίων,
2234 2358 2350 2415 τῶν
2416 2353 2861 2431 Παρασωπίων,
2929 2358 3044 2414 τῶν

665 2462 1190 2535 Παραχελωιτῶν.

749 2671 970 2737 Zonar.
1001 2670 1085 2736 8.
1112 2671 1220 2737 22.
1248 2669 1310 2736 8.
1361 2677 1448 2758 (p.
1500 2671 1652 2738 200.
1684 2670 1772 2754 5).
1821 2672 1995 2739 Inter
2038 2675 2335 2802 prodigia
2372 2696 2535 2740 anno
2576 2674 2708 2741 218
2748 2680 3044 2742 nuntiata

657 2800 864 2842 unum
925 2781 1322 2841 memoratur
1383 2778 1554 2861 quod
1620 2774 1788 2854 αἷμα
1856 2779 1923 2842 τὸ
1989 2781 2103 2854 μὲν
2150 2780 2217 2854 ἐξ
2264 2781 2668 2859 ἀγαλμάτων
2716 2783 2921 2860 ὤφθη,
2974 2784 3040 2847 τὸ

660 2884 723 2948 δὲ
787 2885 856 2959 ἐξ
917 2883 1176 2952 ἀσπίδος
1237 2885 1612 2958 στρατιώτου
1677 2884 1867 2962 ἐρρύη.
1946 2883 2111 2948 Rem
2175 2907 2287 2970 per
2347 2908 2414 2952 se
2478 2887 2651 2951 haud
2712 2889 3045 2954 obscuram

661 2990 818 3052 dure
865 2989 1246 3072 expressisse
1291 2984 1618 3052 videbitur
1665 2991 1936 3073 scriptor
1979 2992 2105 3053 nisi
2153 2996 2299 3074 post
2344 2992 2746 3069 ἀγαλμάτων
2792 2995 3045 3077 partici—

657 3098 845 3181 pium
890 3097 1148 3158 inseres.
1201 3092 1484 3158 Verbum
1529 3097 1702 3161 enim
1749 3094 1917 3174 ὤφθη
1966 3100 2221 3160 mutare
2267 3117 2484 3162 vereor
2522 3104 2781 3183 propter
2818 3098 3047 3164 Dionis

657 3202 890 3288 fragm.
944 3198 1050 3265 57.
1080 3199 1165 3264 60
1227 3200 1342 3264 ubi
1391 3201 1467 3264 de
1515 3201 1829 3266 eiusmodi
1875 3222 1942 3265 re
1990 3200 2235 3287 legitur
2286 3203 2431 3279 „uoci
2482 3213 2711 3276 σμῆνος
2763 3251 2777 3267 .
2810 3252 2823 3267 .
2856 3251 2870 3268 .
2900 3251 2914 3267 .
2945 3242 2960 3268 ·.
2987 3228 3047 3268 ον

659 3305 895 3386 ὤφθη”.
957 3306 1385 3390 Participium
1447 3309 1652 3391 igitur
1712 3307 2034 3390 quoddam
2096 3308 2460 3374 litterarum
2524 3309 2949 3374 similitudine
3012 3331 3049 3374 a

658 3412 918 3477 librario
966 3418 1112 3496 post
1160 3413 1562 3488 ἀγαλμάτων
1613 3415 1924 3477 omissum
1972 3415 2259 3497 suspicor
2305 3415 2642 3493 excidisse3
2694 3421 2759 3478 et
2805 3418 3046 3479 conicio

658 3515 1092 3602 reponendum
1139 3537 1273 3581 esse
1325 3515 1393 3590 ἐξ
1438 3516 1839 3594 ἀγαλμάτων
1890 3517 2216 3598 (στάζον)
2264 3519 2453 3600 ὤφθη.

2310 3687 2343 3712 0

750 3732 873 3797 Dio
919 3731 1070 3797 XIV
1116 3732 1194 3797 fr.
1249 3731 1332 3795 14
1383 3737 1471 3816 (p.
1523 3731 1674 3796 213.
1709 3731 1839 3811 17).
1905 3733 2286 3812 Hannibali,
2339 3734 2577 3800 aux-ilia
2626 3755 2697 3800 ac
2743 3737 3044 3820 pecunias

661 3840 978 3923 poscenti,
1032 3833 1588 3921 Carthaginienses
1633 3838 2049 3921 respondent:
2101 3840 2287 3914 μηδὲν
2337 3843 2658 3917 ὁμολογεῖν
2708 3843 2827 3911 τὰς
2875 3843 3047 3916 ala-‘25-

661 3965 789 4013 σεις
851 3943 1040 4004 αὐτοῦ
1105 3949 1232 4010 τοῖς
1291 3941 1727 4017 κατορθώσεσι·
1780 3944 1921 4014 τοὺς
1970 3945 2095 4024 γὰρ
2144 3950 2518 4025 κρατοῦντας
2568 3947 2886 4023 προσήκειν
2937 3950 3089 4012 καὶ.

660 4049 742 4124 τῷ
807 4044 1058 4122 παρόντι
1122 4044 1550 4122 στρατεύματι
1617 4047 1931 4123 ἀρκεῖσθαι
2001 4050 2106 4112 καὶ
2156 4052 2469 4129 χρήματα
2518 4029 2721 4114 οἴκαδε
2772 4050 3044 4128 πέμπειν

661 4154 824 4214 ἀλλ’*
861 4151 980 4226 οὐχ
1027 4146 1204 4225 ἕτερα
1251 4150 1426 4230 [πρὸς
1476 4151 1733 4231 ἑαυτῶν]
1784 4138 2281 4230 προσεπαιτεῖν”.
2354 4155 2643 4220 Absurde
2692 4157 2907 4221 addita
2953 4160 3047 4222 vi-

661 4257 890 4318 dentur
935 4252 1059 4317 duo
1105 4256 1229 4318 ista
1277 4254 1588 4320 vocabula
1635 4257 1781 4333 πρὸς
1830 4256 2059 4321 ἑαυτῶν
2107 4278 2267 4340 quae
2308 4247 2559 4324 uncinis
2598 4260 2852 4325 inclusi.
2899 4261 3041 4326 Non

661 4361 832 4424 enim
877 4357 958 4420 ad
1001 4357 1160 4424 alios
1206 4367 1374 4426 recte
1415 4383 1488 4427 ea
1529 4361 1761 4424 referas
1798 4363 1923 4424 nisi
1966 4361 2045 4426 ad
2087 4360 2642 4450 Carthaginienses
2660 4414 2676 4446 ‚
2720 4373 2785 4430 at
2823 4363 3043 4432 sensus

659 4461 946 4550 postulat
983 4467 1058 4524 ut
1097 4463 1176 4527 ad
1213 4465 1354 4542 τοὺς
1394 4466 1538 4531 οἴκοι
1579 4464 1954 4532 referantur.
2004 4467 2090 4532 Et
2130 4472 2435 4552 quoniam
2472 4469 2745 4536 libenter
2768 4471 3040 4537 molesto
