3351 5463
1312 390 1704 441 assumtus.
2572 372 2701 443 153
2765 358 2774 367 ’

312 582 443 625 11011
480 564 627 647 apte
668 566 921 637 autem,
965 564 1038 624 ut
1076 558 1241 623 mihi
1279 558 1559 636 videtur,
1604 559 1730 635 εἰμὶ
1772 559 1879 625 vel
1922 557 2141 635 ἔσομαι
2183 563 2398 625 mente
2425 562 2707 646 suppleri

309 670 557 752 potest3
585 664 755 730 Weil
790 667 1061 729 coniecit
1102 665 1323 741 Φεύγω
1366 666 1417 727 δ’
1444 666 1720 742 ἀλήτης,
1764 665 1931 749 quod
1953 665 2145 729 laudo
2171 714 2186 743 ,
2224 666 2334 731 sed
2355 688 2703 751 pronomen

313 771 437 848 ἐγώ
495 771 881 837 servandum
934 771 1103 833 mihi
1150 770 1425 833 videtur.
1487 769 1686 834 Mitto
1734 773 1942 855 igitur
1988 772 2376 836 vocabulum
2426 773 2701 851 ἀλήτης,

310 879 548 961 quippe
600 877 863 941 forsitan
918 897 954 939 a
991 876 1284 952 librario,
1330 878 1434 939 cui
1475 875 1884 950 παράλληλος
1928 878 2432 962 Agamemnonis
2476 900 2698 943 versus

316 981 495 1046 1282
548 985 615 1045 in
671 987 954 1046 mentem
1001 984 1278 1057 venerit,
1328 981 1501 1045 facili
1548 982 1944 1067 negligentia
1987 983 2283 1066 illatum;
2336 988 2702 1070 ceteroquin

311 1089 533 1169 φεύγω
578 1088 707 1152 fere
746 1088 919 1152 idem
968 1092 1064 1151 est
1112 1108 1183 1151 ac
1230 1088 1505 1161 ἀλῶμαι.
1555 1088 1965 1153 Hermannus
2011 1088 2272 1155 lacunae
2322 1074 2510 1175 signa
2554 1097 2700 1176 post

308 1199 507 1259 λιπών
567 1194 843 1271 addidit,
908 1193 1017 1258 sed
1064 1196 1153 1258 sic
1199 1196 1618 1278 perorationis
1657 1197 1792 1260 vim
1838 1196 2068 1280 fregit,
2119 1202 2194 1259 ut
2239 1197 2399 1262 bene
2445 1200 2700 1261 monuit

310 1299 499 1364 Weil.
548 1300 794 1364 Revera
842 1299 1094 1365 Orestes
1138 1302 1221 1363 in.
1252 1300 1371 1364 hac
1419 1301 1784 1386 tragoediae
1825 1307 2004 1387 parte
2045 1302 2426 1367 brevissimo
2464 1324 2695 1389 genere

308 1405 564 1470 dicendi
609 1408 711 1469 uti
758 1405 963 1469 debet.

400 1618 678 1683 Eumen.
731 1617 882 1699 631.

772 1726 897 1790 ἀπὸ
946 1726 1279 1804 στρατείας
1332 1724 1458 1803 γάρ
1509 1750 1611 1803 νιν,
1664 1726 2071 1802 ἠμποληκότα

768 1831 853 1894 τοὶ
902 1833 1153 1895 πλεῖστ’
1202 1832 1491 1908 ἀμείνον’,
1544 1830 1827 1912 εὔφροσιν
1875 1833 2211 1910 δεδεγμένη

771 1936 967 2016 δροίτῃ
1016 1944 1269 2015 περῶντι
1319 1938 1549 2016 λουτρὰ
1599 1938 1752 2001 κάπὶ
1803 1939 2068 2016 τέρματι

770 2046 965 2122 Φάρος
1016 2043 1462 2120 περεσκήνωσεν
1512 2044 1573 2104 ἐν
1620 2042 1669 2106 δ’
1722 2043 2008 2121 ἀτέρμονι

770 2154 985 2213 κόπτει
1036 2149 1339 2223 πεδήσασ’
1386 2147 1573 2227 ἄνδρα
1626 2150 1895 2230 δοιιδάλῳ
1945 2152 2186 2229 πέπλῳ.

304 2255 560 2321 Locum
606 2257 795 2341 gravi
839 2246 1105 2320 vulnere
1152 2255 1436 2320 laborare
1484 2256 1627 2320 luce
1677 2255 1907 2321 clarius
1957 2264 2072 2322 est.
2145 2256 2219 2321 In
2267 2261 2474 2343 priore
2523 2266 2702 2343 parte

304 2362 587 2429 verbum
655 2360 915 2426 finitum
976 2362 1168 2426 deest.
1236 2361 1405 2425 Tum
1466 2362 1679 2425 verbis
1744 2362 2027 2440 εὔφροσιν
2090 2363 2422 2441 δεδεγμένη
2488 2365 2701 2430 deesse

305 2466 703 2533 vocabulum
773 2466 1015 2543 λόγοις,
1088 2488 1275 2531 1161110
1348 2472 1445 2531 est
1516 2470 1627 2551 qui
1690 2489 1817 2531 non
1877 2469 2112 2533 videat.
2175 2469 2382 2534 Verba
2445 2478 2693 2551 περῶντι

304 2573 539 2649 λουτρά
589 2574 1014 2656 suspicionem
1064 2577 1357 2649 movent,
1408 2572 1639 2640 itidem
1687 2579 1919 2652 φᾶρος,
1970 2595 2174 2659 quum
2222 2579 2443 2640 statim
2483 2598 2700 2661 sequa—

303 2685 416 2743 tur
466 2677 1019 2758 δάιδάλῳπέπλῳ.
1068 2678 1423 2764 Displicent
1466 2681 1661 2744 etiam
1705 2681 1899 2745 verba
1939 2681 2092 2744 κάπὶ
2139 2682 2399 2760 τέρματι
2440 2688 2699 2769 propter

303 2785 699 2869 subsequens
739 2784 1046 2862 ἀτέρμονι.
1100 2821 1183 2832 —-
1231 2784 1373 2848 Non
1414 2785 1762 2850 admodum
1801 2792 2019 2851 autem
2060 2787 2316 2852 difficile
2349 2797 2445 2853 est
2471 2811 2698 2853 verum

304 2893 623 2976 reperire,
688 2912 891 2975 quum
953 2890 1028 2954 de
1092 2893 1173 2954 iis
1222 2911 1382 2974 quae
1430 2890 1722 2975 Apollini
1769 2891 2031 2956 dicenda
2080 2896 2210 2957 sint
2257 2893 2538 2959 dubitari
2585 2898 2696 2959 vix

306 3003 521 3082 queat⁸
597 2994 762 3074 Quid
832 2999 1008 3060 enim.
1068 2995 1303 3081 Apollo
1368 2995 1443 3060 de
1507 3002 1714 3061 morte
1778 2999 2280 3082 Agamemnonis
2343 3003 2695 3065 certissime

302 3103 534 3165 testari
580 3099 805 3166 debet?
869 3101 1449 3188 Clytaemnestram
1496 3103 2052 3188 Agamemnonem
2072 3154 2088 3182 ,
2139 3126 2172 3168 6
2218 3104 2388 3171 bello
2437 3106 2698 3170 redeun-

304 3211 441 3270 tem
462 3255 479 3284 ,
528 3206 777 3272 blandis
824 3208 1031 3272 verbis
1076 3210 1385 3291 recepisse
1406 3257 1422 3284 ,
1470 3207 1770 3272 balneum
1820 3212 1880 3273 61
1926 3230 2210 3293 parasse,
2261 3215 2693 3297 maritumque

304 3315 377 3376 in
439 3312 623 3378 alveo
683 3313 1074 3378 balneatorio
1132 3313 1623 3378 decumbentem
1668 3317 1919 3400 ingenti
1968 3313 2164 3401 pallio
2211 3319 2304 3380 ita
2349 3316 2696 3382 circumde-

310 3419 477 3483 disse
524 3425 600 3482 ut
647 3441 875 3484 manus
921 3420 1235 3504 pedesque
1282 3421 1583 3506 impediti
1629 3425 1868 3497 essent,
1921 3426 2065 3484 tum
2113 3441 2258 3486 ense
2307 3443 2459 3486 eum
2502 3425 2696 3488 inter-
2765 3419 2768 3422 ⁴

310 3525 553 3590 fecisse.
606 3525 898 3590 Profecto
944 3524 1180 3590 mulier
1224 3527 1445 3590 virum
1491 3547 1617 3591 non
1663 3531 1940 3590 stantem
1987 3530 2290 3612 arripuit,
2339 3529 2568 3613 pedem
2615 3550 2694 3595 ex

309 3631 491 3695 alveo
556 3629 952 3708 efferentem,
1016 3637 1093 3695 ut
1140 3653 1173 3696 e
1220 3633 1433 3697 verbis
1481 3640 1734 3713 περῶντι
1783 3633 2007 3713 λουτρά
2057 3633 2423 3719 colligeres,
2473 3636 2581 3700 sed
2625 3639 2696 3700 in

309 3737 494 3802 alveo
566 3736 1083 3814 decumbentem,
1149 3759 1351 3822 quum
1414 3760 1617 3823 neque
1680 3737 1935 3803 brachia
1996 3761 2200 3824 neque
2260 3741 2452 3826 pedes
2495 3741 2694 3807 libere

307 3864 568 3909 movere
619 3842 881 3908 valeret.
927 3843 1196 3908 Nullam
1245 3865 1393 3908 sane
1442 3847 1868 3929 suspicionem
1918 3847 2394 3932 Agamemnoni
2437 3849 2696 3912 iniicere

306 3951 522 4033 potuit
582 3948 819 4013 mulier
882 3971 1194 4036 magnum
1258 3949 1528 4035 pallium
1591 3949 1874 4015 afferens.
1945 3951 2289 4035 Manifesto
2347 3990 2426 4001 —
2476 3974 2695 4037 quam-

308 4075 505 4139 quam
552 4076 871 4140 nusquam
920 4057 1080 4121 hanc
1124 4058 1315 4121 huius
1362 4060 1455 4121 rei
1502 4059 1819 4123 rationem
1865 4063 2292 4123 memoratam
2332 4061 2556 4125 inveni
2606 4097 2691 4108 —

306 4163 496 4225 unice
556 4161 624 4224 id
688 4181 911 4226 curare
973 4165 1033 4226 ei
1095 4164 1233 4226 visa
1296 4169 1392 4226 est
1454 4184 1533 4228 ne
1580 4169 1764 4248 tepor
1809 4162 2023 4228 balnei
2068 4166 2240 4228 iusto
2288 4167 2479 4229 citius
2520 4166 2694 4230 refri-

303 4272 615 4352 gesceret.
687 4267 909 4352 Itaque
978 4267 1237 4332 alveum
1302 4271 1553 4354 ingenti
1622 4267 1820 4352 pallio
1891 4269 2311 4335 circumdedit
2380 4292 2654 4356 eumque
2675 4321 2690 4349 ,

304 4374 473 4436 ostio
518 4393 757 4458 magna
802 4394 879 4438 ex
928 4379 1107 4458 parte
1155 4374 1435 4459 obtecto,
1487 4374 1831 4439 tentoriolo
1881 4374 2160 4440 similem
2207 4376 2516 4453 reddidit,
2583 4377 2690 4440 sed

302 4479 521 4544 subito
538 4524 556 4555 ,
629 4477 827 4562 pallio
897 4483 1031 4544 toto
1100 4481 1169 4542 in
1231 4480 1491 4545 alveum
1552 4483 1832 4565 proiecto
1850 4529 1866 4559 ,
1937 4485 2247 4579 maritum
2309 4482 2473 4545 nihil
2534 4481 2694 4548 mali
