3351 5463
739 396 872 466 396
1207 376 1214 383 ’
1703 417 2142 468 rum-Aeones.

733 586 887 645 sunt
946 582 1102 647 haec
1165 582 1241 647 de
1303 585 1652 649 sententiae
1714 604 1885 649 nexu
1924 583 2092 649 nihil
2134 586 2516 671 cogitantis3
2566 582 2716 661 δόξα
2766 587 2943 650 enim
2988 584 3112 648 ὦδε·

735 695 940 753 verrat
1009 709 1137 755 non
1205 688 1446 769 Φωνή”.
1518 710 1681 775 quae
1748 689 1990 755 nollem
2064 692 2423 776 scripsisset
2504 692 2609 757 vir
2684 690 3107 756 doctissimus.

734 792 1215 879 Interpolatoris
1277 796 1451 859 enim
1508 801 1658 860 sunt
1703 816 1863 881 quae
1909 798 2047 881 ipse
2094 796 2269 861 dedit
2286 845 2303 874 ,
2346 794 2512 861 nihil
2554 798 2842 883 cogitans
2891 795 2970 860 de
3012 796 3118 859 ho-

734 898 1164 965 moeoteleuto
1209 902 1524 984 φω[ΝΗΝ
1574 900 1865 975 δέξασθαι
1907 906 2244 985 σεμ]ΝΗΝ
2287 902 2391 966 καὶ
2425 902 2972 983 Φιλοσοφωτάτην.
3019 899 3115 966 Ad

731 1004 1070 1072 lectionem
1117 1008 1194 1073 ab
1241 1009 1380 1093 ipso
1427 1011 1855 1095 excogitatam
1902 1008 2391 1089 φιλοσοφωτάτη
2438 1030 2642 1095 neque
2689 1012 2861 1089 φωνὴ
2916 1028 3115 1093 neque

731 1110 884 1187 δόξα
943 1112 1153 1177 audiri
1205 1118 1434 1198 potest,
1483 1135 1685 1199 neque
1733 1114 2084 1200 quidquam
2130 1114 2537 1200 relinquitur,
2586 1114 2756 1200 quod
2800 1114 2880 1181 ad
2928 1114 3116 1200 parti-

729 1220 896 1303 cipia
961 1221 1363 1303 insequentia
1428 1218 1869 1306 inteHegatur.
1944 1219 2126 1300 Quod
2188 1226 2408 1285 autem
2466 1221 2869 1296 observavit,
2936 1218 3112 1295 δόξαν

729 1324 1080 1388 doe-refovete
1118 1318 1246 1389 non
1282 1326 1510 1406 Φωνῆν,
1557 1325 1795 1391 falsum
1841 1331 1956 1391 est.
2006 1324 2205 1411 Saepe
2253 1328 2427 1390 enim
2474 1325 2647 1411 apud
2692 1312 3114 1390 Plutarchum

731 1432 904 1509 Φωνῆ
942 1430 1115 1495 idem
1154 1429 1328 1496 valet
1364 1436 1554 1515 atque
1594 1430 1766 1509 δόξα,
1810 1432 2207 1511 ἀπόφθεγμα
2248 1430 2355 1497 vel
2377 1430 2504 1496 tale
2529 1431 2701 1516 quid.
2746 1429 2844 1497 Of.
2870 1452 2937 1515 p.
2966 1428 3111 1494 44b.

734 1531 863 1598 106
880 1534 942 1599 b.
1005 1534 1135 1599 vit.
1196 1534 1354 1622 Lyc.
1421 1557 1475 1601 c.
1523 1535 1611 1601 20
1673 1545 1789 1610 τῆς
1853 1546 2257 1612 Πλατωνικῆς
2316 1542 2523 1617 Φωνῆς
2586 1541 2692 1616 (=
2714 1535 2870 1601 Luc.
2925 1557 2979 1600 c.
3026 1534 3113 1615 2).

727 1636 858 1702 Vit.
908 1638 1040 1703 Sol.
1091 1660 1144 1703 c.
1196 1638 1305 1705 31.
1356 1638 1557 1707 Cicer.
1606 1662 1659 1706 c.
1711 1640 1821 1708 24.
1869 1640 2184 1707 Similiter
2231 1642 2532 1727 deceptus
2578 1647 2683 1707 est·
2721 1664 2784 1728 p.
2834 1638 2971 1706 438
2988 1661 3046 1705 a.

817 1743 944 1809 Sed
1004 1750 1408 1811 revertamur
1471 1747 1550 1811 ad
1596 1746 1877 1812 codicem
1922 1746 2002 1811 D.
2061 1745 2263 1814 Cuius
2308 1745 2611 1813 lectiones
2658 1748 2938 1832 optimas
2984 1765 3113 1811 esse

729 1868 948 1914 omnes
985 1866 1138 1915 'non
1197 1851 1504 1917 contendo
1565 1872 1714 1917 sane
1732 1900 1749 1930 ,
1813 1872 2017 1938 neque
2062 1854 2236 1919 enim
2280 1854 2350 1917 in
2396 1854 2568 1918 hunc
2614 1852 2898 1918 codicem
2948 1851 3113 1917 cadit

726 1954 855 2021 tale
925 1956 1080 2041 quid
1139 1977 1345 2042 neque
1403 1960 1473 2022 in
1534 1956 1747 2022 ullum
1808 1957 2030 2023 alium.
2099 1957 2341 2024 Verum
2399 1964 2740 2043 postquam
2799 1957 3111 2043 plurimas

725 2063 1071 2146 scripturas
1115 2064 1388 2129 sinceras
1435 2068 1501 2128 et
1545 2066 1857 2149 genuinas
1921 2084 2056 2129 esse
2118 2063 2515 2130 ostendimus
2534 2112 2551 2141 ,
2616 2066 2912 2148 sequitur
2974 2061 3114 2127 reli-

727 2187 884 2251 quas
946 2187 1196 2253 quoque
1257 2174 1371 2234 aut
1432 2186 1614 2234 veras
1674 2174 1789 2233 aut
1835 2175 2003 2234 certe
2050 2189 2178 2235 non
2222 2168 2713 2234 contemnendas
2762 2188 2922 2234 esse.
2970 2168 3111 2233 Nisi

725 2270 830 2337 hic
889 2273 1085 2337 codex
1147 2273 1376 2338 fuisset
1391 2322 1408 2351 ,
1469 2272 1809 2338 Plutarchi
1854 2277 2090 2359 scripta
2133 2274 2361 2340 Ethica
2405 2273 2709 2359 plurimis
2757 2279 2822 2338 et
2866 2272 3109 2338 lacunis

725 2383 790 2443 et
835 2380 1420 2464 interpretamentis
1463 2380 1849 2445 foedissimis
1895 2380 2278 2459 laborarent.
2325 2380 2508 2445 Unus
2555 2380 2749 2445 codex
2795 2379 2854 2461 D
2896 2377 3108 2445 salvus

724 2488 789 2547 et
846 2483 1191 2550 incolumis
1209 2532 1226 2563 ,
1295 2491 1610 2571 quantum
1672 2486 1935 2571 quidem
1997 2486 2136 2551 fieri
2195 2486 2485 2571 poterat,
2548 2507 2625 2550 ex
2684 2487 2954 2571 gurgite
2998 2482 3105 2549 illo

717 2594 903 2655 vasto
920 2637 937 2667 ,
1002 2612 1128 2676 quo
1189 2592 1416 2656 fratres
1449 2596 1528 2656 et
1573 2598 1869 2676 parentes
1915 2592 2188 2656 demersi
2234 2595 2419 2669 sunt,
2470 2592 2677 2656 evasit
2690 2611 2708 2669 3
2758 2595 2857 2655 est
2900 2588 3105 2654 multo

720 2697 1038 2761 vetustior
1095 2695 1229 2761 illis
1290 2695 1648 2775 codicibus,
1710 2700 1779 2762 in
1839 2698 2070 2784 quibus
2130 2696 2302 2762 κατὰ
2349 2695 2673 2778 συνέχειαν
2723 2695 2975 2777 ἐγράφη
3022 2694 3101 2759 τὰ

721 2799 1119 2866 διαλείποντα
1176 2807 1509 2887 propterea
1568 2802 1738 2887 quod
1798 2803 1992 2868 codex
2038 2805 2317 2867 sincerus
2337 2851 2353 2879 ,
2409 2801 2617 2888 qualis
2666 2805 2764 2867 est
2806 2799 2891 2878 D,
2940 2800 3105 2866 unde

717 2904 979 2971 lacunae
1046 2905 1516 2991 supplerentur,
1582 2929 1709 2973 non
1767 2909 2228 2974 inveniebatur.
2292 2907 2701 2973 venerandus
2755 2908 2965 2991 igitur
3009 2912 3103 2971 est

719 3015 785 3077 et
828 3013 1101 3075 maximi
1145 3011 1491 3077 faciendus.

1186 3466 1536 3518 rnoumoms
1579 3466 1778 3518 nns'r.
1827 3467 1913 3517 An
1959 3470 2030 3517 M.
2081 3441 2417 3518 offlsmn'u
2460 3467 2505 3517 1.
2555 3449 2617 3517 4.

802 3647 947 3716 Non
983 3652 1155 3715 enim
1192 3649 1307 3714 ille
1346 3650 1628 3735 profecto
1666 3651 1879 3731 εἲκοςῷ
1919 3649 2181 3716 demum
2223 3648 2343 3723 ἔτει
2383 3652 2661 3715 venisset
2700 3650 2784 3722 εἷς
2816 3650 3092 3730 πατρίδα

714 3763 932 3833 γαῖαν,
995 3777 1199 3842 neque
1261 3757 1331 3819 in
1389 3759 1514 3820 isto
1559 3755 1705 3821 lacu
1749 3755 2002 3822 tamdiu
2048 3753 2399 3822 ob'errasset
2415 3801 2433 3832 ,
2479 3777 2665 3840 neque
2712 3753 2838 3821 alia
2885 3759 3098 3822 omnia

711 3882 863 3944 quae
923 3860 1295 3926 Ὀδυσ-σείαν
1341 3861 1588 3926 faciunt
1633 3867 1967 3947 perpessus
2013 3866 2213 3938 esset,
2261 3863 2388 3925 nisi
2431 3860 2672 3940 γλυκὺς
2724 3855 2907 3934 ὕπνος
2958 3864 3098 3939 ε’πῆ-

710 3967 856 4029 λυθε
903 3973 1259 4041 κεκμηῶτα.
1309 4001 1396 4014 -
1439 3965 1804 4031 Pronomen
1849 3988 2001 4051 quae
2037 3966 2254 4031 Maius
2292 3965 2650 4051 supplevit,
2691 3986 2886 4051 quem
2928 3970 3097 4054 equi-

713 4069 860 4135 dem
894 4074 964 4136 in
1002 4092 1148 4137 mea
1184 4071 1462 4137 editione
1502 4074 1684 4158 sequi
1700 4091 1845 4139 'non
1884 4072 2248 4138 debueram.
2296 4071 2569 4137 Facilior
2605 4073 2913 4138 correctio
2936 4077 3092 4140 erit:

711 4195 824 4240 neo·
861 4199 1013 4261 quae
1058 4176 1184 4243 alia
1230 4180 1466 4243 omnia.

845 4311 1206 4363 Amstelodami.
2635 4297 2699 4362 S.
2746 4295 2827 4384 A.
2876 4297 2960 4364 N.
