3351 5463
1382 353 1614 404 mvms.
2649 335 2687 400 5

299 539 430 603 que
491 520 560 582 in
621 517 761 584 loco
823 525 1155 598 manente,
1219 543 1346 587 non
1411 521 1880 607 progrediente.
1946 519 2042 588 Of.
2108 542 2160 585 c.
2212 519 2320 587 23.
2350 519 2411 598 5,
2474 519 2582 585 28.
2612 520 2688 599 6;

299 622 414 688 25.
445 624 658 702 24.9;
710 625 816 690 44.
846 625 932 691 25
981 633 1140 692 extr.
1192 627 1369 694 Caes.
1418 627 1491 692 B.
1521 626 1600 693 G.
1654 627 1715 693 6.
1746 626 1850 692 34.
1880 627 1942 692 8.
1993 626 2125 695 Cic.
2176 627 2320 693 Mil.
2374 625 2494 705 713
2547 627 2629 692 al.

397 827 451 871 o.
500 805 608 873 27.
639 806 699 871 5.
773 809 1079 873 Certamen
1125 810 1462 874 consubibus
1506 810 1809 874 inciderat
1828 859 1843 888 ,
1891 817 2026 874 uter
2070 811 2377 874 dedicaret
2420 810 2694 874 Mercuri

301 915 526 976 aedem.
576 914 829 977 Senatus
873 939 912 977 a
956 938 1018 978 se
1064 939 1184 979 rem
1230 918 1314 979 ad
1346 917 1642 997 populum
1688 916 1865 986 reicit
1914 963 1928 979 .
1962 964 1975 978 .
2007 963 2021 979 .
2072 916 2340 998 Populus
2371 916 2695 980 dedicatio-

302 1041 436 1082 nem
505 1020 674 1082 aedis
744 1021 854 1082 dat
913 1021 1009 1083 M.
1059 1021 1340 1084 Laetorio
1358 1070 1374 1099 ,
1425 1022 1620 1103 primi
1667 1021 1802 1103 pili
1865 1022 2200 1085 centurioni
2216 1070 2233 1098 ,
2296 1024 2455 1106 quod
2482 1021 2695 1107 facile

304 1130 628 1206 appareret
689 1146 808 1187 non
872 1131 993 1188 tam
1054 1128 1137 1189 ad
1195 1127 1470 1190 bonorem
1536 1127 1663 1189 eius
1682 1174 1699 1203 ,
1766 1127 1864 1188 cui
1929 1127 2161 1190 curatio
2207 1126 2395 1189 altior
2418 1127 2692 1211 fastiin

300 1252 407 1293 suo
455 1231 604 1292 data
651 1235 831 1307 esset,
865 1232 1114 1316 factum
1153 1254 1328 1316 quam
1367 1234 1451 1295 ad
1489 1233 1795 1296 concubam
1831 1232 2234 1312 iqnominiam.
2276 1231 2516 1295 Saevire
2552 1232 2695 1295 inde

300 1335 511 1419 utique
556 1336 860 1398 consulum
906 1336 1064 1399 alter
1098 1344 1427 1422 patresque
1444 1365 1472 1412 ;
1513 1339 1620 1400 sed
1643 1338 1815 1419 plebi
1854 1344 2159 1400 creverant
2201 1337 2389 1400 animi
2428 1344 2485 1401 et
2524 1338 2694 1418 tonye

301 1442 433 1504 abia
479 1464 652 1526 quam
685 1441 890 1523 primo
939 1442 1334 1506 instituerant
1380 1443 1482 1506 via
1522 1444 1975 1524 yrassabantur.

391 1546 717 1623 Praestat,
783 1548 852 1610 ni
913 1546 1117 1625 fallor,
1180 1549 1336 1613 haec
1382 1552 1478 1613 ita
1524 1551 2017 1634 interpungere:
2055 1548 2324 1630 populus
2373 1550 2507 1612 ded.
2556 1549 2689 1613 aed.

301 1654 412 1715 dat
473 1653 568 1715 M.
618 1652 718 1716 Pl.
765 1652 962 1735 primi
994 1654 1126 1735 pibi
1173 1655 1526 1721 centurioni.
1586 1656 1759 1735 Quod
1787 1655 1999 1740 facile
2046 1662 2367 1737 appareret
2410 1677 2529 1718 non
2575 1662 2709 1738 tam·

300 1761 387 1822 ad
426 1807 441 1824 .
475 1808 489 1822 .
519 1807 532 1822 .
570 1783 747 1844 quam
793 1761 877 1822 ad
911 1761 1212 1824 consubum
1251 1761 1638 1842 iynominiam
1657 1809 1672 1838 ‚
1714 1761 1946 1824 saevire
1985 1761 2127 1824 inde
2170 1783 2221 1826 e.
2251 1783 2309 1844 q.
2338 1781 2409 1837 8.,
2451 1763 2693 1825 etenim

301 1867 632 1930 causativa
695 1868 1009 1931 sententia
1029 1913 1042 1938 ,
1109 1869 1267 1950 quod
1322 1874 1645 1949 appareret
1693 1888 1849 1951 sqq..
1898 1865 2109 1931 multo
2157 1868 2371 1951 aptius
2418 1866 2693 1930 refertur

307 1969 388 2034 ad
445 1969 782 2034 consulum
840 1976 1225 2055 patrumque
1284 1953 1796 2058 indignationem
1845 1971 2286 2057 explicandam
2308 2021 2325 2049 ,
2372 1992 2566 2055 quam
2613 1971 2694 2036 ad

308 2075 651 2142 consilium
698 2075 921 2160 populi
966 2079 1035 2139 in
1082 2077 1357 2142 ornando
1405 2077 1721 2142 Laetorio.

399 2180 496 2246 De
543 2184 952 2247 coniunctivo
1001 2189 1358 2266 appareret,
1406 2184 1471 2247 h.
1500 2205 1553 2248 e.
1605 2183 1820 2267 „quod
1864 2205 1990 2248 non
2036 2188 2283 2269 poterat
2329 2205 2455 2249 non
2504 2203 2691 2270 appa-

303 2287 512 2364 rere'',
563 2289 642 2353 cf.
695 2287 758 2353 6.
785 2286 871 2352 29
918 2290 1078 2373 quod
1127 2339 1141 2354 .
1170 2337 1186 2353 .
1215 2337 1232 2354 .
1280 2291 1603 2354 crederent.

400 2482 453 2525 e.
507 2461 611 2526 32.
641 2462 703 2527 2.
753 2463 839 2524 E't
880 2463 1075 2544 primo
1123 2463 1418 2544 ayitatum
1464 2464 1693 2528 dicitur
1740 2466 1814 2527 de
1860 2465 2161 2528 consulum
2208 2467 2383 2529 caede
2404 2512 2419 2539 ,
2466 2472 2536 2528 nt
2579 2465 2694 2528 sol-

297 2573 584 2630 verentur
645 2576 1012 2632 sacramento
1029 2597 1057 2644 ;
1123 2571 1320 2632 doctos
1381 2570 1598 2632 deinde
1657 2570 1890 2633 nullam
1934 2571 2151 2634 scelere
2194 2570 2538 2651 rebiqionem
2584 2593 2693 2632 ea*-

295 2695 380 2737 80
400 2671 554 2752 lvi,
604 2673 828 2738 Sicinio
875 2676 1126 2760 quodam
1173 2683 1412 2740 auctore
1456 2675 1693 2739 iniussu
1731 2676 2034 2740 consutum
2072 2676 2140 2740 in
2177 2698 2409 2740 sacrum
2446 2682 2692 2740 montem

296 2780 626 2844 secessisse.

392 2884 700 2952 Mortales
759 2887 1072 2951 solvuntur
1137 2887 1242 2952 vel
1301 2888 1688 2951 esi-solvuntur
1738 2886 2051 2973 religione
2069 2936 2085 2965 ‚
2136 2908 2277 2953 aere
2324 2887 2531 2954 alieno
2552 2937 2569 2966 ,
2615 2891 2690 2953 si-

293 2990 568 3056 milibus
637 2991 725 3071 (3.
755 2990 863 3057 20.
894 2992 970 3071 4;
1041 2990 1100 3059 7.
1130 2991 1191 3056 3.
1222 2992 1296 3070 9,
1365 2991 1426 3056 8.
1457 2991 1520 3058 9.
1553 2991 1670 3069 13;
1738 2992 1847 3057 29.
1880 2991 1983 3057 18.
2016 2993 2087 3071 1;
2157 2993 2303 3071 aL),
2376 2995 2484 3059 sed
2552 2997 2691 3079 ipsa

291 3096 566 3183 religiO,
617 3117 742 3182 qua
791 3098 1077 3163 obstricti
1128 3120 1355 3162 sumus
1403 3098 1575 3177 („die
1621 3098 1921 3185 religiose
1969 3098 2497 3185 Verpflichting'',
2537 3100 2687 3182 W.)‚

290 3205 358 3268 si
420 3224 458 3267 a
519 3203 702 3267 nobis
768 3202 1056 3267 aufertur
1110 3209 1173 3268 et
1230 3203 1522 3282 diluitur,
1567 3226 1693 3269 non
1743 3205 2086 3281 exsolvitur,
2136 3226 2366 3270 verum
2411 3206 2686 3284 solvitur,

289 3311 402 3373 uti
466 3310 663 3372 etiam
725 3329 865 3372 mos
930 3330 967 3373 a
1021 3310 1373 3374 maioribus
1423 3306 1712 3374 'traditus
1759 3309 1848 3389 (1.
1877 3308 1984 3374 49.
2015 3307 2102 3390 7).
2169 3309 2311 3387 Sic,
2360 3313 2429 3374 ni
2475 3310 2684 3389 fallor,

285 3417 438 3499 ipsa
498 3413 682 3478 verbi
743 3416 907 3478 ratio
969 3412 1287 3498 postulat,
1357 3414 1526 3478 unde
1588 3414 2071 3499 corrigendum:
2121 3415 2467 3496 reliqionem
2511 3416 2683 3479 sobvi.

283 3518 499 3584 Aliud
545 3518 750 3583 denuo
799 3525 894 3584 est
941 3520 1266 3584 dissolvere
1312 3520 1652 3601 rebiqiones‚
1705 3520 1811 3584 40.
1839 3519 1947 3585 29.
1982 3520 2087 3588 11.

388 3722 441 3766 c.
494 3698 599 3764 34.
631 3699 736 3764 12.
785 3700 980 3763 Haud
1016 3708 1132 3764 tam
1159 3702 1372 3787 facile
1410 3702 1575 3765 dictu
1617 3709 1738 3780 est,
1759 3702 2201 3787 faciendumne
2220 3703 2469 3788 fuerit,
2510 3726 2685 3788 quam

271 3806 561 3891 potuisse
607 3806 870 3869 arbitror
897 3805 1086 3889 fieri,
1129 3814 1196 3869 ut
1243 3807 1863 3871 condicionibus
1912 3808 2258 3871 laxandi
2302 3796 2684 3873 annonam

285 3920 353 3977 et
427 3911 809 3975 tribuniciam
868 3918 1226 3994 potestatem
1286 3920 1344 3976 et
1408 3913 1605 3977 omnia
1667 3913 1883 3977 invitis
1943 3914 2084 3977 iura
2141 3914 2420 3996 imposita
2467 3923 2683 3998 patres

286 4021 592 4082 demerent
636 4017 772 4082 sibi.

206 4106 216 4116 ’
385 4122 593 4189 Verba
658 4123 1102 4188 condicionibus
1173 4126 1429 4187 'taxandi
1495 4148 1790 4200 annonam
1866 4128 1957 4190 sic
2027 4129 2225 4191 vertit
2284 4126 2677 4194 Muellerus:

285 4229 837 4315 ‚,Bedingungen‚
905 4229 1143 4294 welche
1211 4235 1330 4309 (zu
1352 4255 1389 4295 n
1411 4232 1680 4312 achst)
1741 4235 1810 4296 in
1871 4233 1981 4298 der
2039 4231 2525 4319 Herabsetzung
2570 4235 2678 4300 des

283 4337 601 4416 „(hohen)
647 4335 1106 4420 Marktpreises
1153 4337 1518 4415 bestehen'’‚
1572 4338 1681 4403 sed
1728 4360 1854 4403 non
1900 4339 2210 4404 indicavit
2245 4339 2437 4424 idque
2475 4340 2677 4406 facere

279 4446 401 4507 vix
439 4444 679 4528 poterit
694 4490 711 4519 ,
756 4462 1068 4527 quaenam
1102 4430 1428 4527 praeterea
1451 4444 1845 4509 condiciones
1869 4447 2196 4531 scriptoris
2221 4448 2433 4510 animo
2459 4447 2678 4511 obver-
