3351 5463
612 377 742 444 318
1614 393 1983 442 Lucam-ms.

700 560 872 624 Mihi
936 579 1187 645 quoque
1246 561 1463 643 inepta
1508 558 1764 624 videtur
1808 557 1921 624 illa
1951 560 2291 645 ,anaphora
2337 581 2410 626 eo
2456 561 2615 626 loce.
2664 559 2992 626 Marullus

606 687 827 733 versus
874 663 1005 731 873
1053 670 1117 730 et
1165 661 1297 731 874
1346 663 1617 741 delevit,
1658 665 1828 750 quod
1875 664 2127 730 defendi
2171 670 2380 751 potest
2425 669 2482 730 si
2518 669 2680 732 ratio
2718 665 2991 732 habetur

522 779 529 784 '
606 792 915 839 versuum
960 769 1472 836 antecedentium
1489 817 1505 846 ‚
1556 767 1948 835 867-·-87Ο;
2005 851 2012 858 ¹

966 881 1290 962 praeterea
1336 896 1778 960 quaecumque
1823 897 1858 940 e
1903 881 2071 941 terra
2117 897 2378 963 corpora
2425 882 2712 943 crescunt
2729 925 2746 954 ,

967 985 1022 1047 si
1068 986 1220 1046 sunt
1264 983 1332 1045 in
1376 984 1563 1046 terris
1579 1029 1595 1058 ‚
1645 987 1884 1046 terram
1931 987 2220 1048 constare
2266 989 2578 1048 necessest

966 1110 1043 1153 ex
1091 1087 1469 1173 alienigenis
1487 1134 1503 1165 ,
1555 1107 1716 1172 quae
1763 1090 1952 1152 terris
1997 1091 2393 1154 exoriuntur.

786 1193 920 1262 870
966 1194 1237 1260 transfer
1282 1196 1443 1258 item
1462 1241 1477 1270 ,
1528 1192 1799 1258 totidem
1847 1194 2055 1258 verbis
2101 1199 2286 1259 utare
2331 1193 2571 1258 licebit.

694 1302 942 1368 Sciolus
1004 1299 1239 1384 aliquis
1299 1301 1410 1383 qui
1454 1299 1630 1364 istud
1679 1297 1990 1376 „totidem
2037 1299 2288 1364 verbis’'
2339 1299 2419 1364 ad
2465 1299 2752 1364 litteram
2797 1297 2986 1364 intel-

496 1416 501 1420 '
586 1408 795 1485 lenit,
873 1407 1139 1492 putabat
1225 1425 1445 1470 versus
1515 1407 1609 1468 ita
1672 1423 1808 1469 esse
1876 1405 2216 1497 mutandos
2284 1409 2362 1468 ut
2429 1404 2702 1470 totidem
2771 1404 2988 1469 verbis

604 1516 962 1580 constarent
1023 1516 1089 1574 et
1148 1531 1263 1594 pro
1324 1530 1451 1574 vss.
1498 1507 1629 1575 867
1695 1516 1760 1574 et
1822 1507 1955 1574 868
2017 1509 2203 1574 finxit
2251 1531 2400 1575 eum
2447 1531 2724 1576 versum.
2757 1512 2871 1594 qui
2915 1511 2989 1574 in

468 1667 475 1674 -
604 1619 780 1684 codd.
830 1623 928 1682 est
976 1613 1128 1693 873,
1176 1620 1253 1678 ut
1296 1614 1423 1680 loci
1456 1618 1559 1680 sic
1606 1615 2181 1680 conformarentur:

786 1721 918 1789 873
954 1729 1277 1804 praeterea
1325 1721 1506 1785 belbas
1551 1743 1703 1806 quae
1749 1743 1997 1803 corpora
2043 1743 2282 1806 cumque
2325 1722 2477 1800 abit,
2527 1727 2704 1802 auget

785 1828 917 1894 869
968 1851 1039 1892 eoe
1084 1828 1476 1908 abieniqenis,
1527 1849 1679 1912 quae
1726 1827 1906 1890 terris
1951 1826 2325 1891 exoriuntur.

785 1933 917 2002 870
964 1933 1235 2008 transfer
1266 1935 1438 1997 -item
1454 1981 1471 2010 ,
1520 1933 1793 1998 totidem
1838 1933 2050 1999 verbis
2095 1939 2277 1999 utare
2322 1933 2571 2000 licebit:

962 2041 1029 2102 in
1076 2039 1263 2120 biynis
1308 2039 1365 2101 si
1393 2041 1646 2120 flamma
1690 2039 1840 2102 latet
1867 2040 2206 2124 smnucque
2251 2038 2514 2124 cinisque
2531 2086 2547 2115 ,

962 2168 1035 2209 ex
1079 2144 1439 2225 abieniqenic
1484 2144 1814 2207 consistant
1861 2144 2032 2224 liqna
2077 2152 2364 2208 necessest
2373 2171 2402 2220 ,-

602 2251 828 2317 deinde
889 2258 965 2315 ut
1026 2255 1426 2334 postremum
1481 2269 1745 2313 versum
1809 2247 2220 2313 simillimum
2273 2250 2506 2314 faceret
2551 2271 2644 2315 vs.
2697 2249 2830 2315 869
2881 2251 2989 2315 ad-

602 2360 893 2444 scripsit:

962 2483 1041 2526 ex
1088 2460 1467 2544 alienigenis
1484 2507 1499 2535 ,
1552 2479 1714 2542 quae
1757 2457 1958 2546 lignis
1987 2462 2400 2524 exoriuntur.

691 2570 994 2633 Attamen
1064 2586 1192 2629 non
1262 2569 1357 2628 est
1423 2551 2070 2649 praetermittendum
2131 2566 2328 2630 verba
2388 2586 2550 2651 quae
2615 2571 2768 2650 sunt
2829 2567 2950 2629 aba
2970 2615 2986 2643 ,

599 2681 773 2756 auget
834 2681 954 2754 (vs.
1004 2668 1165 2752 873)
1224 2690 1353 2734 non
1413 2669 1586 2735 idem
1647 2669 2007 2757 significare
2069 2676 2260 2756 atque
2321 2673 2593 2737 verbum
2656 2671 2825 2758 quod
2890 2677 2989 2737 est

600 2786 868 2844 crescunt
929 2783 1049 2856 (vs.
1100 2773 1295 2854 86¹7):
1365 2777 1485 2839 hoc
1552 2778 1832 2861 pertinet
1895 2776 1974 2840 ad
2033 2778 2294 2855 herbas,
2361 2780 2626 2863 stirpes,
2692 2778 2948 2843 arbores
2968 2826 2985 2855 ,

599 2887 809 2970 priora
852 2882 967 2947 illa
1012 2881 1312 2945 dicuntur
1358 2880 1434 2943 de
1483 2879 1905 2956 animalibus,
1953 2880 2021 2944 id
2069 2882 2237 2965 quod
2285 2886 2546 2967 apparet
2591 2904 2666 2947 ex
2716 2882 2768 2960 I,
2811 2881 2984 2947 228:

962 2985 1238 3051 animale
1280 3004 1484 3071 genus
1536 3031 2161 3052 ..........
2212 2988 2391 3050 tellus

596 3094 765 3159 unde
814 3093 933 3156 alit
979 3098 1154 3175 atqu-e
1200 3097 1376 3171 auget
1418 3092 1777 3176 generatim
1824 3089 2058 3173 pabula
2102 3086 2445 3180 praebens?

690 3198 871 3279 Quod
918 3200 972 3261 si
1016 3200 1111 3261 ita
1159 3202 1290 3273 est,
1340 3216 1604 3282 corpora
1646 3198 1715 3259 in
1762 3217 1858 3261 vs.
1904 3194 2037 3262 873
2079 3204 2230 3262 sunt
2268 3192 2526 3283 corpora
2563 3198 2982 3277 animalium,

597 3326 757 3390 quae
811 3304 1026 3368 herbis
1072 3307 1136 3366 et
1183 3302 1500 3367 fructibus
1518 3350 1534 3379 ,
1588 3322 1750 3386 quae
1799 3306 1950 3365 sunt
1995 3300 2382 3387 alienigena,
2431 3308 2496 3365 et
2541 3304 2680 3387 ipsa
2698 3348 2714 3379 ,
2763 3324 2988 3367 secun-

598 3412 754 3478 dum
818 3432 913 3477 vs.
978 3407 1131 3485 869,
1195 3429 1272 3472 ex
1327 3406 1700 3493 alienigenis
1749 3409 2063 3484 oriuntur,
2114 3407 2374 3472 aluntur
2417 3410 2483 3469 et
2528 3412 2868 3493 augentur,
2919 3415 2987 3473 et

594 3517 942 3604 legendum
990 3520 1086 3578 est
1132 3534 1281 3577 cum
1329 3510 1592 3575 Lachm.
2809 3497 2814 3502 ’

958 3622 1282 3704 praeterea
1330 3613 1526 3681 tellus
1573 3636 1736 3700 quae
1785 3636 2046 3700 corpora
2089 3636 2364 3701 cumque
2412 3614 2533 3679 alit
2549 3664 2566 3694 ,
2616 3622 2814 3703 auget

960 3745 1036 3789 ex
1085 3722 1466 3808 alienigenis
1483 3769 1500 3799 ,
1551 3741 1714 3805 quae
1763 3720 2126 3800 alieniqenie
2171 3724 2487 3787 oriuntur.
2775 3708 2784 3717 ’

596 3829 969 3896 Tenendum
1015 3834 1232 3893 autem
1278 3830 1375 3891 est
1421 3825 1764 3892 lectionem
1811 3826 2163 3889 exoriuntur
2206 3846 2452 3892 meram
2493 3846 2629 3891 esse
2667 3830 2991 3892 coniectu-

595 3956 737 4002 ram
799 3936 935 3999 eius
999 3935 1109 4017 qui
1160 3932 1331 3996 Flor.
1387 3928 1469 3995 31
1522 3934 1778 4016 scripsit
1800 3979 1815 4007 ‚
1867 3951 2073 4016 neque
2118 3934 2424 3996 maiorem
2472 3952 2586 4015 per
2628 3951 2695 3996 se
2742 3931 2984 3997 habere

596 4042 1047 4106 auctoritatem
1093 4058 1287 4122 quam
1333 4039 1696 4102 coniectura
1741 4036 2003 4100 Lachm.
2052 4037 2261 4101 habet.

685 4144 922 4210 Munro
994 4143 1159 4207 dixit
1226 4163 1293 4207 se
1354 4144 1467 4206 vix
1536 4140 1911 4225 intellegere
1971 4140 2233 4205 Lachm.
2253 4189 2270 4219 ,
2334 4140 2503 4225 quod
2563 4162 2689 4205 non
2749 4145 2983 4223 miror,

596 4271 749 4314 nam
797 4249 1062 4313 obscura
1099 4254 1250 4312 sunt
1287 4248 1443 4313 haec
1480 4246 1673 4311 verba
1683 4255 1706 4322 ',
1751 4250 1911 4327 qua'e
1948 4244 2211 4310 Lachm.
2253 4248 2542 4329 scripsit:
2585 4296 2620 4324 „
2630 4248 2981 4327 Praeterea,

552 4375 747 4421 .cum
808 4356 949 4438 ipsa
1010 4373 1087 4417 ex
1149 4351 1529 4437 alienigenis
1590 4353 1878 4414 constent
1894 4394 1910 4423 ,
1977 4350 2158 4413 tellus
2217 4372 2366 4434 quae
2422 4372 2674 4432 corpora
2735 4376 2986 4439 cumque

596 4460 715 4524 abit
730 4507 747 4537 ‚
812 4464 987 4539 auqet
1048 4457 1267 4522 eadem
1326 4455 1523 4521 nullis
1568 4453 1714 4519 aliis
1761 4451 1918 4515 cibis
1964 4458 2030 4517 et
2073 4453 2394 4519 alimentis
2439 4456 2566 4519 nisi
2611 4478 2776 4543 quae
2823 4468 2984 4526 sunt
