3351 5463
1130 396 1216 443 nn
1260 396 1411 443 mun
1454 396 1738 444 nomo.
2059 452 2066 459 ,
2500 378 2629 448 178

266 565 637 648 possessione
699 562 880 627 cedat
897 610 913 640 ,
979 582 1254 646 quorum
1314 563 1836 629 vetustissimum
1900 562 2159 628 videtur
2216 563 2631 629 interdictum

266 672 449 732 unde
494 669 603 745 vi,
654 668 826 753 quod
872 674 1412 733 commemoratur
1450 670 1518 732 in
1564 666 1711 752 lege
1753 671 2040 753 agraria,
2083 690 2280 753 quam
2318 670 2630 735 habemus

265 782 368 854 (vs.
399 774 530 853 18),
571 776 689 839 sub
723 779 897 839 certa.
922 780 1135 839 tamen
1161 794 1375 838 rerum
1401 778 1466 838 et
1490 775 1799 857 temporis
1825 773 2189 839 definitione
2207 823 2222 852 ,
2253 780 2329 839 ut
2351 774 2428 839 de
2451 778 2632 839 sorti-

265 882 368 944 bus
408 878 793 945 Gracchanis
815 929 832 957 ,
881 880 1049 944 unde
1083 882 1225 964 quis
1265 881 1333 945 vi
1372 882 1611 943 eiectus
1649 881 1735 942 sit
1759 884 1905 943 ante
1928 879 2073 944 idus
2099 880 2365 945 Martias
2386 883 2629 966 primas

266 991 571 1070 competat
595 984 667 1066 ι).
717 984 894 1050 Iusto
934 1006 1184 1070 quoque
1222 986 1568 1069 possessori
1614 1022 1702 1031 -
1750 984 1928 1048 salva
1969 990 2183 1049 tamen
2221 988 2628 1071 proprietatis

268 1113 438 1156 causa
487 1130 570 1141 ——
617 1112 1105 1176 nonnumquam
1143 1094 1531 1176 possessione
1570 1090 1923 1155 cedendum
1963 1112 2129 1168 esse,
2168 1088 2370 1157 Gaius
2409 1098 2630 1157 auctor

266 1202 348 1261 est
391 1197 492 1261 his
534 1198 747 1263 verbis
794 1194 909 1276 (IV
954 1194 1207 1282 §170):
1260 1244 1276 1261 .
1306 1242 1319 1259 .
1352 1242 1366 1260 .
1397 1244 1410 1259 .
1460 1196 1607 1280 quia
1652 1196 1934 1259 nonnulli
1980 1197 2101 1277 (uli
2135 1196 2492 1279 possidetis)
2537 1198 2628 1260 in-

268 1304 502 1367 terdicto
558 1303 797 1366 reddito
844 1310 1051 1366 cetera·
1084 1326 1155 1365 eat
1198 1302 1519 1366 interdicto
1549 1302 1776 1386 faeere
1821 1302 2100 1365 nolebant
2116 1351 2132 1379 ,
2186 1352 2200 1368 .
2233 1350 2246 1365 .
2277 1349 2291 1367 .
2322 1350 2337 1365 .
2372 1309 2628 1383 praetor

390 1456 403 1472 .
479 1408 846 1490 comparavit
912 1407 1239 1471 interdicta
1258 1455 1274 1485 ,
1346 1429 1497 1491 quae
1565 1407 1924 1469 secundaria
1993 1408 2404 1488 appellantur,
2475 1455 2488 1471 .
2519 1455 2533 1471 .
2566 1453 2579 1470 .
2611 1454 2627 1471 .

264 1536 495 1597 quorum
551 1514 644 1576 vis
705 1521 762 1577 el
809 1520 1081 1595 poteslas
1132 1514 1277 1575 haec
1338 1519 1456 1589 eol,
1518 1518 1586 1573 ut
1646 1511 1752 1595 qui
1791 1518 1984 1575 cetera
2030 1535 2101 1574 ea·
2146 1512 2464 1576 interdicto
2512 1534 2630 1575 non

252 1620 489 1702 faeiat,
521 1628 571 1683 '.
602 1666 656 1683 ..
692 1668 705 1683 .
756 1619 1160 1682 restituat
1210 1615 1693 1681 adversario
1732 1617 2342 1698 possessionem.
2407 1617 2632 1703 Depel-

263 1723 405 1788 litur
462 1727 669 1809 igitur
728 1725 1067 1789 interdicto
1129 1723 1501 1789 secundario
1520 1771 1536 1799 ,
1601 1724 1716 1806 qui
1779 1722 1940 1784 abias
1988 1725 2262 1804 poluerit
2305 1722 2629 1786 interdicto

264 1831 373 1892 uti
418 1830 879 1912 possidetis
936 1830 1202 1908 vincere,
1267 1828 1334 1892 id
1392 1834 1489 1893 est
1548 1830 1763 1891 iustus
1808 1848 2148 1911 possessor,
2197 1824 2254 1891 si
2297 1834 2506 1892 cetera
2551 1850 2631 1893 ex

262 1937 588 2001 interdicto
634 1936 837 2001 facere
883 1941 1153 2001 recusat.
1200 1934 1375 2000 Huic
1421 1932 1657 1998 similis
1703 1937 1798 1997 est
1843 1954 2182 2017 possessor,
2232 1936 2345 2017 qui
2383 1936 2453 1996 in
2491 1955 2630 1999 rem

265 2044 564 2106 actionem
623 2063 751 2106 non
814 2044 1082 2126 suscipit
1098 2061 1115 2119 ;
1163 2061 1314 2105 nam
1361 2046 1609 2105 constat
1656 2038 1735 2103 ad
1780 2038 1848 2101 id
1893 2041 2111 2123 ipsum
2157 2038 2456 2122 compelli
2501 2060 2630 2103 non

263 2167 429 2230 posse
479 2146 548 2226 (1.
591 2146 679 2211 80
719 2147 797 2211 D.
844 2146 904 2211 6.
939 2146 1021 2228 1),
1072 2147 1328 2211 dabitur
1371 2153 1591 2211 tamen
1637 2144 1941 2209 adversus
1987 2144 2158 2208 hunc
2201 2164 2628 2229 possessorem

260 2254 693 2330 interdictum,
756 2256 940 2318 ouius
1002 2258 1099 2318 est
1162 2255 1553 2337 principium
1615 2274 1825 2335 quem
1863 2252 2212 2335 fundum
2257 2249 2365 2313 vel
2411 2273 2628 2334 quam

204 2432 209 2439 ⁵
260 2358 787 2421 hereditatem
841 2358 947 2425 vel
1020 2382 1231 2443 quem
1302 2359 1914 2443 usumfructum,
1980 2376 2104 2439 quo
2174 2360 2477 2435 ooq(a)lur
2546 2358 2630 2419 ad

260 2469 555 2543 (actorem)
622 2466 961 2550 transferre
1010 2465 1439 2545 possessionem
1480 2463 1551 2543 ⁹),
1615 2462 1768 2526 licet
1813 2464 2025 2525 iustus
2070 2462 2155 2524 sit
2200 2480 2517 2544 possessor
2565 2466 2632 2525 et

260 2572 535 2652 potuerit
571 2591 648 2635 ex
686 2570 1027 2635 interdicto
1074 2570 1197 2633 uti
1232 2568 1696 2652 possidetis
1743 2569 1993 2631 vincere
2022 2564 2093 2646 ³).
2135 2565 2314 2631 Idem
2351 2567 2421 2629 in
2440 2554 2628 2631 rebus

259 2674 593 2741 mobilibus
655 2675 805 2742 ordo
866 2676 1224 2742 servabitur
1283 2678 1445 2740 citra
1504 2672 1920 2739 interdictum
1940 2720 1956 2751 ,
2021 2692 2173 2737 nam
2228 2673 2286 2736 ai
2330 2672 2462 2757 quis
2508 2695 2630 2736 rem

182 2773 189 2780 ⁵
258 2781 515 2844 mobilem
572 2781 876 2845 vindicari
922 2806 962 2844 a
1002 2804 1066 2844 ee
1092 2803 1315 2863 passus
1363 2803 1480 2844 non
1526 2787 1614 2843 eal
1631 2828 1646 2857 ,
1707 2780 2039 2844 decernere
2085 2775 2249 2842 solet
2295 2780 2630 2864 magistra-

257 2891 384 2964 tus,
446 2892 529 2950 ut
588 2887 989 2954 adversarius
1034 2889 1272 2966 ἀνθίαι)
1320 2909 1446 2949 eam
1492 2884 1565 2966 (l.
1619 2885 1651 2949 1
1706 2884 1804 2970 §1
1857 2883 1935 2947 D.
1987 2883 2048 2947 2.
2078 2881 2167 2962 3),
2208 2903 2322 2947 nec
2368 2886 2504 2947 itur
2549 2884 2628 2948 ad

258 2992 563 3056 arbitrum
588 2994 659 3072 ⁴).
721 2991 988 3057 Videtur
1028 2997 1246 3057 autem
1292 3012 1417 3055 non
1466 2990 1797 3056 defendere
1815 3038 1832 3066 ,
1882 2990 1995 3072 qui
2039 3009 2164 3051 non
2209 2988 2476 3052 satisdat
2523 2987 2629 3054 vel

256 3097 605 3162 iudicatum
650 3098 818 3162 solvi
864 3097 970 3164 vel
1006 3119 1121 3182 pro
1163 3097 1392 3182 praede
1430 3096 1567 3159 litis
1608 3101 1673 3160 et
1711 3095 2140 3161 vindiciarum
2159 3141 2175 3170 ‚
2216 3113 2412 3176 quam
2452 3095 2632 3157 satis-

258 3201 571 3268 dationem
632 3203 900 3268 sustulit
959 3203 1316 3288 Imperator
1377 3204 1440 3285 (ᾗ
1468 3201 1509 3265 2
1556 3201 1710 3264 Inst.
1761 3198 1866 3263 IV.
1921 3198 2052 3279 11),
2113 3200 2206 3262 ita
2250 3204 2500 3274 tamen,
2551 3203 2627 3263 ut

246 3330 353 3388 pro
415 3332 482 3373 re
544 3309 747 3374 mobili
795 3311 971 3396 exigi
1035 3312 1274 3395 possit,
1335 3308 1393 3371 si
1451 3309 1827 3393 possessoris
1875 3327 2140 3386 persona
2186 3311 2461 3385 suspecta
2505 3303 2591 3367 sil
2606 3352 2624 3382 ,

257 3433 352 3490 ac,
397 3417 455 3478 si
502 3417 657 3479 satis
701 3435 829 3478 non
874 3414 1078 3491 detur,
1125 3417 1266 3498 ipsa
1313 3434 1410 3478 res
1458 3414 1625 3495 apud
1667 3411 1920 3494 officium
1958 3412 2368 3491 depon(atur).
2419 3407 2628 3487 Quam

256 3517 521 3584 formam
567 3519 846 3606 Ulpiano
895 3519 1131 3585 obtulit
1156 3521 1228 3596 5).
1273 3518 1675 3583 Transfertur
1718 3516 1926 3580 adhuc
1965 3536 2043 3579 ex
2079 3516 2382 3598 rescripto
2421 3514 2629 3580 Marci

255 3623 556 3688 Antonini
625 3626 703 3690 ab
766 3625 997 3690 herede
1056 3624 1697 3690 fideicommissarum
1758 3642 1977 3686 rerum
2037 3621 2344 3704 possessio
2363 3667 2378 3696 ,
2445 3622 2500 3684 si
2545 3621 2622 3685 ab

252 3729 448 3795 iudice
514 3730 939 3814 appellaverit
998 3752 1111 3796 nec
1173 3735 1427 3808 caveat,
1478 3733 1700 3794 caveat
1746 3732 1964 3792 autem
2011 3725 2411 3790 adversarius
2459 3715 2542 3806 (1.
2583 3723 2622 3789 5

308 3934 360 3998 1)
393 3935 474 3984 Ita
510 3933 828 3998 supplendum
864 3931 1077 3981 videtur·
1120 3931 1187 3994 (si
1218 3931 1324 3995 quis
1356 3929 1456 3980 eiu-5
1489 3930 1597 3994 αρν-ἰ
1626 3929 1713 3994 qui
1747 3932 1880 3992 aye)r
1915 3930 1963 3977 et
1996 3941 2121 3990 quac
2153 3928 2434 3990 sequuntur.
2471 3927 2626 3974 Gene-

248 4012 351 4062 ralis
382 4015 602 4064 definitio
638 4017 743 4063 erat
777 4013 919 4062 unius
952 4012 1065 4061 anni
1100 4027 1155 4061 ex
1189 4027 1283 4075 quo
1318 4011 1427 4075 quis
1461 4012 1669 4060 deiectus
1704 4012 1838 4061 esset.

306 4096 671 4161 2)1]1p.·1nst.
711 4095 771 4144 fr.
809 4096 910 4152 1V;
953 4094 1156 4143 Vat.fr.
1194 4095 1285 4152 923
1323 4093 1623 4154 16961)
1666 4092 1858 4148 87.10;
1897 4089 2036 4139 Paul.
2071 4089 2096 4138 1
2134 4089 2193 4137 11
2232 4089 2319 4150 §1-

308 4180 359 4242 3)
392 4196 432 4228 c.
474 4181 502 4227 1
543 4179 599 4228 C.
638 4179 684 4226 8.
707 4178 752 4227 6.
786 4205 851 4215 -
888 4178 960 4226 Cf.
998 4177 1313 4241 praetereal.
1352 4177 1416 4224 60
1451 4176 1519 4237 §1
1558 4178 1615 4223 D.
1654 4172 2080 4233 7.1(Lenel,das
2108 4171 2264 4220 Edict-
2300 4185 2432 4235 perp.
2453 4186 2502 4234 p.
2522 4171 2621 4220 882

246 4264 335 4309 not.
380 4261 455 4320 9);
510 4261 646 4309 115
700 4262 755 4310 D.
795 4260 952 4319 89.1;
1006 4261 1139 4308 145
1188 4261 1245 4308 D.
1283 4259 1364 4307 89.
1387 4259 1448 4315 2;
1495 4256 1595 4307 l.7
1633 4258 1693 4304 D.
1729 4252 2130 4316 43.20(1.enel,
2174 4252 2449 4302 dacEdict.
2485 4266 2626 4316 perp.

246 4344 461 4480 1⁸38?ss
498 4423 760 4472 interdicto
794 4437 977 4487 semper
1010 4422 1152 4471 iudex
1189 4425 1602 4486 recuperator-esve
1637 4420 1814 4467 dantur
1854 4416 1985 4481 (Gai.
2018 4417 2088 4465 1v
2128 4416 2302 4478 5141).

306 4507 353 4566 ὅ)
383 4507 438 4556 L.
478 4506 509 4558 7
551 4506 621 4568 §2
656 4508 713 4556 D.
750 4507 797 4555 2.
818 4506 849 4553 8
882 4504 968 4572 (cf.
998 4504 1325 4564 Gradenwitz,
1360 4505 1589 4566 Inter-pol.
1626 4519 1674 4566 p.
1713 4501 1818 4565 66).
