3351 5463
489 418 496 424 ‚
584 340 715 412 402,
812 350 823 357 “
1360 361 1750 416 suenum
1797 363 2189 412 comacum.

574 523 754 622 quod
799 545 1060 611 semper,
1092 525 1381 592 medium
1426 547 1561 592 esse
1608 533 1872 595 constat.
1922 528 2065 614 Ego
2110 529 2368 615 ambigo·
2417 533 2854 618 ωτι-1801111101

1948 634 2328 714 δημοκρατία
2377 636 2604 719 θατέρᾳ

943 735 1106 815 ὄνομ’
1154 740 1282 802 ἔστι
1328 738 1589 817 τοῖνδ’,
1641 739 2079 819 ἀριστοκρατία
2127 740 2356 824 θατέρα

587 860 668 906 011
713 844 961 927 potius,
1012 843 1183 928 quod
1226 843 1355 910 fere
1402 843 1666 910 malim.

941 946 1107 1026 ὄνομ’
1155 949 1282 1013 ἐστὶ
1333 950 1417 1024 δη
1467 951 1980 1029 καριστοκρατία
2029 952 2278 1034 θατέρᾳ.

676 1148 987 1218 Tmooms
1032 1152 1110 1215 fr.
1165 1152 1239 1217 6:

946 1254 988 1321 ὦ
1037 1261 1173 1342 τᾶν,
1224 1254 1478 1321 ἄκουσον
1526 1257 1593 1332 ἥν
1640 1257 1706 1323 ἰ’-Ι
1751 1280 1840 1323 σοι
1887 1257 2034 1323 δοκῶ
2080 1257 2310 1337 λέγειν.

948 1359 1251 1442 ἄνθρωπός
1300 1363 1431 1427 ἐστι
1482 1361 1626 1444 ζῷον
1677 1364 1958 1430 ἐπίπονον
2001 1365 2227 1443 Φύσει,

854 1544 859 1548 ,
948 1468 1059 1532 nal·
1104 1468 1317 1532 πολλὰ
1363 1469 1584 1547 λυπήρ’
1632 1467 1660 1530 ὃ
1705 1469 1840 1546 βίος
1889 1469 1949 1532 ὲν
1999 1469 2196 1550 ἑαυτῷ
2244 1469 2437 1549 Φέρει.

948 1574 1461 1654 παραψυχὰς
1509 1569 1607 1640 οὖν
1648 1574 1978 1655 Φρονσίδων
2025 1576 2307 1654 ἀνεύρετο
2354 1574 2778 1658 (1.ανηύριτο)

947 1678 1190 1751 ταύτας
1240 1694 1381 1744 κτλ.

584 1749 959 1850 Incredibile
1022 1787 1209 1852 dictu·
1260 1792 1360 1852 est
1409 1789 1769 1865 neminem,
1820 1789 1988 1873 quod
2031 1793 2200 1854 certe
2247 1790 2478 1866 sciam,
2528 1787 2859 1854 offendisse
2903 1790 2978 1858 in

586 1891 859 1976 spondeo
898 1893 1209 1959 secundae
1250 1893 1449 1971 sedis,
1492 1894 1661 1959 unde
1693 1900 1865 1959 certo
1891 1897 2123 1960 certius
2148 1899 2398 1960 constat
2421 1896 2820 1976 παραψυχας
2849 1916 2980 1960 11011

586 2016 721 2062 esse
782 2000 1159 2083 genuinum.
1226 1998 1390 2079 Quia
1450 2003 1668 2064 tamen
1725 2001 1879 2066 haec
1925 2003 2065 2085 ipsa
2110 2003 2286 2066 notio
2333 2002 2702 2085 requiritur,
2748 2005 2978 2087 poetae

587 2101 981 2168 reddendum
1042 2109 1138 2168 est
1200 2127 1249 2168 π
1268 2127 1312 2167 α
1328 2127 1358 2183 ρ
1378 2128 1421 2166 α
1437 2128 1486 2180 μ
1506 2128 1539 2168 υ
1558 2105 1586 2168 θ
1606 2103 1686 2169 Ια
1708 2129 1760 2176 ς.
1828 2101 1924 2171 Of.
1988 2104 2274 2192 Hesych.
2324 2107 2683 2186 παραψυχῆ
2709 2127 2723 2144 ·
2775 2127 2981 2184 παρα·

588 2207 805 2285 μυθία.

681 2429 1086 2498 Pmnuoms
1130 2429 1207 2497 fr.
1262 2427 1411 2507 142,
1438 2428 1481 2495 2
1504 2463 1585 2492 =..-
1607 2428 1968 2505 Szrsaroms
2015 2430 2093 2494 fr.
2148 2429 2207 2507 1,
2233 2429 2276 2494 2
2315 2449 2452 2514 sqq.

1224 2536 1439 2607 απλῶς
1489 2536 1615 2613 γαρ
1658 2532 1873 2599 ούδὲ”
1841 2560 1925 2612 εν,
1975 2559 2074 2611 μα
2121 2534 2260 2606 τοὺς
2311 2535 2514 2613 θεούς,

955 2637 1030 2703 ὧν
1082 2639 1158 2704 αν
1205 2640 1363 2720 λέγῃ
1412 2640 1778 2716 συνίημι·
1831 2663 2012 2704 καινα
2061 2639 2340 2719 ῥήματα.

592 2744 776 2811 Alter
819 2744 1032 2823 locus,
1080 2747 1195 2811 11111
1233 2749 1301 2811 111
1347 2746 1672 2835 comoedia
1717 2746 1988 2812 verbum
2037 2742 2169 2822 ἵημι
2218 2746 2411 2811 habet
2449 2748 2582 2811 iota
2621 2747 2841 2822 breve,
2881 2695 2982 2810 est

576 2853 790 2929 Arist.
838 2850 960 2916 Av.
1012 2850 1143 2915 946

957 2954 1272 3033 ξυνίημ’
1322 2981 1413 3022 οτι
1462 2956 1675 3032 βούλει
1725 2956 1859 3020 τὸν.
1871 2956 2235 3037 χιτωνίσκον
2282 2956 2531 3032 λαβεῖν.

594 3060 844 3125 Mirum
882 3080 1032 3126 sane
1070 3067 1167 3126 est
1203 3064 1273 3126 111
1312 3066 1411 3127 tot
1447 3062 1891 3149 exemplorum
1927 3084 2200 3128 numero
2237 3062 2616 3148 quae-offert
2651 3060 2982 3127 comoedia

594 3188 724 3233 non
783 3168 909 3231 nisi
968 3167 1095 3231 duo
1155 3170 1421 3253 reperiri
1479 3175 1804 3254 correptae
1869 3168 2105 3235 vocalis
2125 3216 2142 3245 ‚
2208 3188 2370 3252 quae
2418 3167 2571 3233 alibi
2615 3171 2982 3231 constanter

593 3274 987 3360 producitur.
1051 3273 1256 3353 Quare
1317 3276 1527 3339 nescio
1582 3295 1663 3338 an
1709 3296 1834 3341 non
1879 3272 2318 3360 neglegendus
2363 3276 2448 3338 sit
2491 3293 2567 3339 ea
2612 3273 2980 3336 Atticorum

596 3378 909 3445 scribendi
971 3378 1363 3469 consuetudo
1424 3399 1551 3464 qua
1593 3400 1893 3464 persaepe
1935 3382 2006 3443 in
2051 3381 2263 3464 prima
2306 3396 2574 3463 persona
2619 3376 2801 3443 verbi
2847 3395 2984 3439 συν·

598 3484 747 3548 ιέναι
832 3482 1233 3569 aliorumque
1299 3482 1660 3569 multorum
1734 3484 1988 3549 Aoristo
2060 3472 2336 3548 utuntur
2419 3504 2536 3567 pro
2620 3482 2978 3567 praesenti,

596 3610 803 3675 neque
861 3591 1033 3654 enim
1095 3588 1423 3675 intellego
1449 3610 1562 3654 cur
1607 3588 1794 3654 ambo
1829 3594 2064 3675 ⁴poetae
2108 3587 2404 3674 regulam
2449 3590 2729 3673 migrare
2775 3583 2983 3650 malu-

598 3697 787 3785 erint·
810 3715 1004 3778 quam
1046 3693 1184 3759 11110
1232 3695 1503 3759 scribere
1549 3702 1740 3767 συνῆ
1762 3716 1894 3771 κα,
1942 3694 2046 3758 1110
2089 3693 2393 3772 ξυνῆχ’,
2433 3694 2651 3777 itaque
2688 3688 2980 3755 multum

596 3819 817 3867 vereor
860 3820 939 3864 ne
986 3798 1221 3864 tradita
1266 3800 1510 3876 συνίημι
1558 3805 1623 3865 et
1666 3798 1911 3890 ξυνίημι·
1958 3800 2088 3863 sint
2123 3798 2390 3863 illarum
2424 3797 2775 3863 lectionum
2813 3793 2984 3880 glos-

598 3910 860 3971 semata.

689 4011 986 4099 Opponat
1030 4010 1195 4074 mihi
1226 4013 1559 4096 quispiam
1604 4011 1709 4077 Fr.
1757 4032 1922 4076 com.
1961 4030 2359 4096 anonymum
2404 4007 2545 4073 195·
2571 4003 2686 4089 (IV
2723 4030 2786 4092 p.
2815 4004 2984 4086 652)
3107 3978 3118 3985 ’

598 4138 697 4202 ap.
758 4116 1107 4181 Iohannem
1169 4114 1352 4181 Alex.
1420 4116 1496 4181 de
1557 4117 1724 4180 Acc.-
1768 4138 1830 4200 p.
1881 4113 2139 4193 32,.23:
2205 4116 2310 4179 καὶ
2359 4115 2428 4177 τὸ
2477 4114 2610 4191 βαὺ
2659 4113 2827 4178 κατὰ
2878 4112 2984 4188 μλ-

598 4246 783 4301 μησιν
830 4222 999 4291 κυνὸς
1048 4220 1365 4295 ὀξύνεται·

961 4328 1091 4391 Bae
1137 4326 1273 4404 βαὺ
1327 4342 1478 4394 ‘stc
1532 4326 1636 4390 καὶ
1687 4326 1858 4397 κυνὸς
1906 4324 2110 4404 φωνην
2153 4325 2343 4395 ἱείς.

600 4433 726 4500 Sed
770 4432 938 4499 unde
986 4453 1219 4518 quaeso
1264 4438 1527 4519 apparet
1571 4433 1692 4497 hoc
1737 4452 1872 4497 esse
1919 4430 2278 4497 comoediae
2323 4430 2763 4517 fragmentum
2781 4474 2798 4506 ‚
2855 4448 2986 4494 non
