3351 5463
714 362 843 434 132
1680 462 1684 465 ὓ
1743 388 2036 441 ἾεΑοῐίϊῦε.

706 555 911 619 tentia
973 555 1345 619 rectissime.
1413 553 1582 621 Nam
1627 578 1754 621 non
1803 558 1995 623 modo
2041 558 2146 623 illi
2187 548 2426 645 quibus
2473 581 2602 625 non
2621 552 2898 645 *praesto
2941 562 3098 623 sunt

704 659 1143 745 indignantur,
1193 660 1301 726 sed
1345 663 1541 727 etiam
1585 665 1637 727 ii
1683 664 1917 748 quibus
1963 671 2215 751 praesto
2265 671 2435 730 sunt.
2483 665 2656 731 Mihi
2699 671 2921 731 tamen
2967 686 3100 729 me-

704 764 833 829 lius
878 765 1137 830 videtur
1180 766 1322 832 loco
1370 772 1474 831 τοῦ
1523 768 1622 831 vel
1636 816 1651 845 ,
1702 771 1976 835 inserere
2022 769 2324 835 voculam
2368 770 2548 835 etiam
2567 820 2583 849 ,
2635 771 2803 855 quod
2841 768 3097 835 facilius

704 876 849 955 post
895 877 1072 935 entur
1116 871 1402 937 excidere
1449 876 1663 958 potuit
1709 894 1906 959 quam
1957 876 2072 939 vel.

794 1082 982 1149 DIAL.
1030 1101 1115 1149 Dr.
1163 1084 1320 1150 ΟΒΒ.
1369 1086 1617 1153 XXXI.
1690 1088 1850 1173 Agit
1912 1088 2220 1153 Messalla
2283 1089 2358 1154 de
2418 1092 2686 1156 materia
2733 1092 2972 1155 oratori
3015 1088 3097 1153 ad

703 1189 1043 1255 dicendum
1106 1192 1422 1270 subiecta,
1485 1192 1563 1258 de
1625 1196 1824 1258 variis
1887 1194 2283 1279 eloquentiae
2316 1196 2804 1281 rhetoricosque
2850 1195 3098 1281 generi-

700 1296 821 1360 bus
838 1344 854 1374 ,
920 1296 995 1361 de
1058 1300 1324 1362 scientia
1385 1318 1581 1381 quam
1646 1304 1857 1364 orator
1914 1300 2144 1365 habere
2196 1300 2381 1367 debet
2426 1306 2689 1366 naturae
2735 1301 3056 1366 humanae
3075 1347 3091 1376 ,

700 1408 777 1467 ut
834 1404 998 1466 iram
1016 1450 1031 1479 ,
1096 1404 1597 1469 misericordiam
1613 1452 1630 1482 ,
1693 1410 1934 1471 ceteros
2003 1405 2260 1471 affectus
2331 1427 2591 1473 movere
2660 1408 2886 1491 possit.
2957 1404 3092 1470 Sub

699 1507 991 1572 medium
1049 1514 1267 1572 autem
1330 1510 1555 1593 capitis
1617 1511 1772 1575 haec
1833 1510 1990 1579 dicit
2051 1510 2392 1577 Messalla:
2460 1511 2602 1589 „Ex
2658 1512 2762 1576 his
2807 1511 3094 1577 fontibus

702 1616 901 1678 etiam
932 1612 1074 1691 ,illa
1131 1613 1459 1699 profluunt
1475 1663 1492 1693 ,
1558 1620 1633 1679 ut
1699 1616 1954 1681 facilius
2014 1619 2179 1682 iram
2226 1618 2458 1682 iudicis
2505 1617 2612 1682 vel
2661 1618 2938 1703 instiget
2985 1614 3095 1680 vel

698 1718 930 1798 leniat,
979 1722 1093 1803 qui
1134 1722 1256 1783 scit
1275 1768 1292 1798 ,
1342 1720 1498 1805 quid
1542 1722 1639 1785 ira
1655 1768 1671 1798 ‚
1724 1725 2089 1808 promptius
2137 1722 2218 1787 ad
2258 1726 2732 1789 miserationem
2771 1722 3090 1808 impellat,

700 1827 812 1908 qui
872 1827 1027 1901 scit,
1090 1823 1246 1909 quid
1305 1826 1391 1889 sit
1438 1826 1871 1891 misericordia
1917 1831 1983 1891 et
2031 1829 2262 1912 quibus
2311 1831 2514 1893 animi
2559 1829 2843 1894 motibus
2891 1830 3096 1893 conci-

694 1930 933 1994 tetur.”
980 1928 1344 1995 Sententiae
1384 1934 1775 1996 concinnitas
1816 1934 1981 1997 mihi
2019 1931 2310 1998 laborare
2334 1933 2609 1999 videtur.
2659 1934 3093 2020 Opponuntur

696 2036 1163 2120 quodammodo
1207 2038 1304 2101 ira
1352 2041 1417 2101 et
1464 2038 1900 2102 misericordia
1916 2057 1933 2116 3
1983 2039 2147 2103 iram
2194 2060 2453 2105 movere
2500 2045 2714 2125 potest
2759 2044 2875 2125 qui
2919 2042 3087 2118 irae,

693 2143 1198 2207 misericordiam
1265 2145 1377 2227 qui
1435 2144 1906 2209 misericordiae
1966 2150 2266 2211 naturam
2325 2148 2596 2211 noverit.
2646 2146 2822 2212 'Huc
2884 2168 3090 2232 usque

693 2248 850 2312 bene
913 2250 1129 2313 omnia
1182 2247 1571 2334 procedunt,
1620 2248 1732 2315 sed
1779 2250 2215 2315 additamento
2270 2256 2374 2333 „et
2421 2252 2655 2335 quibus
2702 2254 2908 2317 animi
2955 2272 3092 2317 mo-

694 2353 869 2418 tibus
930 2353 1327 2418 concitetur-'³
1393 2374 1537 2419 mea
1598 2358 1912 2420 sententia
1969 2344 2274 2441 loquendi
2334 2358 2787 2443 cogitandique
2832 2356 3088 2421 lucidus

696 2460 847 2524 ordo
917 2458 1258 2525 Messallae
1326 2460 1643 2525 turbatur.
1719 2460 1996 2546 Requiro
2058 2464 2233 2525 enim
2297 2464 2644 2527 sententiae
2707 2462 2906 2527 finem
2970 2464 3084 2547 qui

692 2564 980 2651 singulas
1028 2586 1127 2629 res
1172 2567 1243 2630 in
1282 2566 1600 2650 prioribus
1639 2571 1942 2633 tractatas
1983 2566 2445 2651 complectatur
2483 2573 2548 2631 et
2587 2568 2756 2633 dicto
2795 2566 3088 2654 generali

693 2671 971 2756 quodam
1034 2691 1251 2736 omnes
1317 2673 1519 2736 animi
1581 2670 1839 2738 affectus
1887 2672 2412 2758 comprehendat,
2461 2694 2656 2758 quare
2702 2694 3086 2761 persuasum

691 2777 893 2841 habeo
939 2775 1291 2861 legendum
1332 2796 1499 2840 esse:
1550 2784 1607 2840 et
1652 2778 1864 2862 quibus
1901 2778 2090 2842 animi
2135 2779 2382 2842 motibus
2427 2779 2814 2859 concitentur,
2863 2783 2962 2844 ita
3008 2783 3083 2842 ut

694 2881 980 2960 „animi”
1030 2903 1200 2947 nom.
1249 2880 1421 2966 plur.
1474 2885 1577 2946 sit.

779 3096 942 3160 ΑΘΒ.
992 3094 1041 3159 Ι.
1100 3095 1267 3172 „Sed
1313 3096 1485 3180 apud
1530 3099 1772 3182 priores
1815 3105 1884 3163 ut
1928 3119 2136 3187 agere.
2160 3099 2356 3184 digna
2395 3105 2760 3163 memoratu
2799 3120 3080 3185 pronum

688 3201 1023 3286 magisque
1067 3203 1137 3266 in
1184 3208 1400 3286 aperto
1449 3207 1585 3266 erat
1605 3252 1620 3280 ,
1666 3206 1760 3268 ita
1805 3203 2256 3268 celeberrimus
2305 3206 2574 3289 quisque
2623 3203 2802 3288 sqq.”

778 3307 919 3373 Hoc
979 3307 1117 3372 loco
1177 3329 1314 3374 voc.
1368 3331 1633 3390 pronum
1697 3310 1860 3372 mihi
1925 3312 2194 3374 minime
2259 3309 2512 3375 arridet.
2577 3301 2906 3374 Sententia
2956 3309 3086 3375 loci

684 3415 857 3478 enim
916 3403 1041 3478 non
1103 3413 1387 3499 postulat
1450 3413 1740 3479 homines
1801 3416 2032 3499 prioris
2097 3416 2238 3479 aevi
2273 3414 2594 3496 proniores
2641 3414 2839 3478 fuisse
2887 3415 3082 3480 rebus

681 3525 1044 3585 memoratu
1068 3520 1281 3604 dignis
1321 3520 1583 3604 agendis
1624 3541 1818 3604 quam
1860 3524 2147 3604 posteros
2186 3521 2598 3605 imperatoria
2639 3524 2881 3594 aetate,
2927 3541 3080 3604 quo-

682 3644 831 3688 rum
875 3623 1185 3708 permulti
1232 3625 1492 3708 quidem
1539 3627 1697 3690 satis
1741 3628 1926 3710 proni
1973 3631 2152 3689 erant
2168 3673 2185 3703 ,
2237 3628 2304 3689 ni
2349 3626 2653 3709 principis
2701 3629 2916 3689 metus
2967 3647 3075 3690 eos

682 3729 1005 3792 retineret.
1093 3728 1373 3822 {tequiro
1450 3750 1709 3794 sensum
1779 3733 2190 3814 antiquorum
2261 3733 2628 3814 temporum
2699 3730 3076 3796 hominibus

684 3836 1078 3899 occasionem
1138 3836 1349 3918 magis
1419 3834 1614 3898 fuisse
1683 3855 1902 3898 rerum
1963 3832 2355 3917 agendarum
2375 3883 2391 3912 ,
2458 3836 2602 3899 tum
2667 3856 2818 3900 cum
2880 3834 3075 3920 plena

678 3938 975 4004 libertate
1039 3937 1354 4003 florerent.
1417 3939 1516 4002 Ex
1576 3938 1988 4023 sequentibus
2037 3939 2414 4021 „magisque
2459 3942 2529 4002 in
2574 3939 2838 4024 apel-‘to'’
2891 3947 3074 4025 patet

681 4063 785 4106 eos
845 4041 1111 4107 liberius
1170 4048 1359 4128 atque
1420 4044 1728 4109 libentius
1791 4054 1980 4125 agere
2043 4061 2202 4124 quae
2269 4041 2510 4107 vellent
2556 4048 2864 4129 potuisse.
2939 4045 3068 4110 His

678 4150 1005 4232 perpensis
1050 4148 1215 4212 mihi
1260 4148 1604 4233 legendum
1654 4167 1788 4212 esse
1835 4144 2123 4209 videtur:
2171 4152 2241 4208 ut
2288 4169 2462 4226 aqere
2508 4148 2696 4228 diqna
2741 4159 3068 4215 memoratu

666 4259 1013 4334 promptum
1034 4272 1167 4337 sqq.

767 4449 928 4514 ΑΘΒ.
979 4448 1054 4513 V.
1126 4449 1200 4514 In
1265 4448 1459 4515 huius
1521 4450 1749 4533 capitis
1809 4443 1965 4520 fine,
2015 4444 2351 4530 Agricolae
2398 4452 2492 4514 rei
2537 4451 2844 4521 militaris
2890 4458 3066 4526 rudi·.
