3351 5463
666 371 797 438 348
1698 389 2020 436 KEPMATA.

662 575 740 619 ex
781 557 1016 619 aerario
1057 557 1378 638 erogetur,
1421 552 1530 617 sed
1569 552 1945 639 profitentur
1982 556 2154 638 ipsos
2193 573 2260 618 se
2298 558 2551 638 paratos
2590 575 2725 618 esse
2749 552 3052 638 supplere

662 662 718 724 si
773 659 927 744 quid
973 659 1156 723 desit.
1224 657 1370 722 Non
1416 657 1570 722 haec
1614 678 1719 722 me
1768 657 2008 743 fingere
2056 657 2388 723 ostendent
2432 657 2747 723 Diodorus
2793 656 3050 750 Siculus

662 769 727 830 et
784 764 1206 842 PlutarchuS,
1274 783 1551 848 quorum
1614 762 1727 828 ille
1785 762 1964 827 XIII.
2034 762 2162 827 104
2215 767 2277 827 ἐν
2322 773 2400 845 τῇ
2450 766 2748 843 Μιλήτῳ,
2797 764 3049 847 inquit,

662 871 821 941 τινὲς
883 869 1263 949 ὀλιγαρχίας
1324 867 1667 949 ὀρεγόμενοι
1731 868 2089 936 κατέλυσαν
2154 869 2258 932 τὸν
2319 869 2507 947 δῆμον
2553 868 3053 948 συμπραξάντων

662 977 873 1047 αὐτοῖς
920 975 1440 1049 Λακεδαιμονίων.
1491 972 1612 1037 Καὶ
1661 974 1733 1039 τὸ
1781 974 1894 1051 μὲν
1945 978 2175 1053 πρῶτον
2219 974 2541 1039 Διονυσίων
2580 972 2760 1039 ὄντων
2800 975 2860 1037 ἓν
2900 980 3048 1044 ταῖς

664 1079 912 1150 οἰκίαις·
941 1079 1083 1151 τοὺς
1146 1078 1394 1156 μάλιςα
1458 1078 1991 1160 ἀντιπράττοντας
2044 1079 2440 1160 συνήρπασαν
2487 1079 2590 1144 καὶ
2641 1080 2777 1159 περὶ
2824 1102 3053 1144 τεττα-

662 1186 929 1263 ράκοντα
992 1181 1174 1256 ὄντας
1241 1182 1667 1265 ἀπέσφαξαν·
1718 1185 1887 1262 μετά
1936 1183 1999 1248 δὲ
2045 1192 2158 1259 τῆς
2207 1185 2444 1265 άγορᾶς
2492 1185 2837 1259 πληθούσης
2885 1208 3054 1264 τρια-

663 1289 896 1360 κοσίους
968 1287 1371 1366 ἐπιλέξαντες
1438 1290 1582 1360 τοὺς
1656 1287 2113 1368 εὐπορωτάτους
2183 1292 2444 1354 άνεῒλον.
2525 1289 2913 1354 Plutarchus
2981 1291 3051 1353 in

661 1393 977 1479 Lysandri
1022 1396 1161 1458 vita
1207 1415 1259 1458 c.
1310 1392 1351 1458 8
1399 1393 1580 1458 addit
1615 1395 1787 1459 hunc
1827 1397 2119 1460 omnium
2156 1392 2420 1458 illarum
2462 1394 2803 1459 turbarum
2840 1399 3054 1459 aucto-

661 1520 799 1564 rem
856 1499 1088 1563 fuisse:
1155 1501 1565 1577 παρεισελθὼν
1632 1500 1716 1570 εἰς
1779 1502 1888 1574 τὴν
1935 1499 2115 1565 πόλιν
2159 1495 2244 1570 οἷς
2293 1503 2550 1581 πρώτοις
2598 1498 2882 1578 ἐπιτύχοι
2932 1505 3053 1564 τῶν

663 1603 1117 1696 νεωτεριζόντων
1182 1603 1570 1683 ἐχαλέπαινε
1634 1615 1712 1685 τῇ
1776 1611 1948 1687 φωνῇ
1997 1606 2100 1669 καὶ
2151 1612 2422 1684 προσῆγε
2470 1603 2924 1685 τραχυνόμενος
2973 1606 3052 1676 ὥς

664 1710 958 1784 ἐπιθήσων
1018 1710 1186 1783 δίκην
1253 1711 1505 1788 αὐτοῖς,
1569 1710 1710 1783 τοὺς
1759 1710 1812 1774 δ’
1858 1707 2090 1782 άλλους
2141 1711 2383 1776 ἐκέλευε
2433 1712 2663 1791 θαρρεῖν
2709 1709 2814 1774 καὶ
2861 1710 3055 1789 μηδὲν

664 1813 752 1880 ἔτι
817 1816 1150 1895 προσδοκοῖν
1215 1815 1399 1882 δεινὸν
1464 1818 1654 1882 αὐτοῦ
1719 1815 2039 1897 παρόντος.
2104 1817 2494 1895 ’Τπεκρίνετο
2560 1815 2622 1880 δὲ
2682 1819 2894 1879 ταῦτα
2943 1815 3050 1879 καὶ

666 1920 1041 1986 διεποίκιλλε
1111 1922 1252 1993 τοὺς
1335 1922 1868 1999 δημοτικωτάτους
1949 1923 2054 1987 καὶ
2128 1922 2449 2002 κρατίςους
2521 1919 2892 1999 βουλόμενος
2965 1922 3055 1999 μὴ

668 2025 953 2107 φεύγειν,
1020 2025 1175 2091 άλλ’
1241 2028 1567 2092 άποθανεῖν
1630 2029 1693 2090 ἐν
1741 2037 1817 2108 τῇ·
1867 2028 2043 2092 πόλει
2093 2028 2452 2105 μείναντας.
2495 2027 2582 2090 “Ο
2633 2028 2737 2091 καὶ
2787 2024 3055 2102 συνέβη·

666 2131 899 2202 πάντες
950 2131 1076 2209 γὰρ
1125 2130 1610 2209 άπεσφάγησαν
1649 2130 1700 2195 01
1746 2132 2585 2203 καταπιςεύσαντες.’Ν11110
2621 2129 3058 2216 intelligimus

664 2236 818 2320 quid
854 2256 1071 2300 rerum
1112 2239 1330 2300 actum
1367 2238 1471 2299 sit.
1520 2235 1906 2319 Supererant
1944 2235 2159 2300 Mileti
2199 2239 2387 2320 pauci
2429 2235 2692 2321 quidam
2733 2235 3055 2319 opulenti,

664 2341 895 2424 quibus
957 2361 1251 2425 praesens
1314 2361 1533 2405 rerum
1591 2346 1798 2406 status
1844 2339 2249 2425 displicebat:
2298 2341 2370 2405 hi
2417 2341 2574 2404 dum
2593 2389 2599 2395 .
2619 2340 2799 2404 domi
2841 2339 3055 2405 latita-

663 2445 816 2512 bant
834 2493 849 2521 ,
910 2444 1227 2531 Lysandri
1274 2448 1536 2531 eiusque
1584 2446 1943 2510 satellitum
1991 2447 2276 2510 furorem
2320 2447 2650 2530 hucusque
2696 2445 3050 2522 eluserant,

662 2571 777 2614 nec
842 2557 1057 2614 tamen
1120 2550 1291 2635 apud
1350 2554 1519 2617 cives
1584 2572 1765 2629 suos,
1840 2553 2094 2616 etiamsi
2157 2572 2361 2635 remp.
2428 2573 2556 2614 non
2618 2552 3050 2635 attingerent,

662 2656 1017 2740 suspicione
1079 2656 1405 2721 vacabant.
1468 2655 1608 2720 Iam
1670 2658 2040 2741 supervenit
2103 2653 2542 2720 Callicratidas
2586 2660 2662 2719 ut
2709 2657 3050 2740 pecuniam

661 2761 945 2846 postulet
1006 2782 1076 2825 ac
1136 2762 1399 2846 proinde
1453 2761 1812 2838 άνιςάμενοι
1864 2762 2080 2826 πολλοὶ
2131 2762 2238 2825 καὶ
2288 2762 2541 2839 μάλιςα
2594 2762 2646 2824 οἱ
2691 2759 3056 2842 αἰτιαζό-

662 2888 888 2942 μενοι
936 2866 1352 2930 ἒναντιοῦσθαι
1402 2864 1660 2938 δεδιότες
1713 2868 2069 2942 εἰσηγοῦντο
2120 2864 2294 2944 πόρον
2342 2865 2686 2946 χρημάτων
2725 2865 2829 2929 κα)
2875 2865 3050 2929 αὐτοὶ

666 2968 1211 3047 ἐπαγγελλόμενοι
1258 2970 1402 3052 ἰδίᾳ.
1454 2969 1619 3049 Quid
1664 2970 1770 3033 hic
1819 2968 2022 3035 latet?
2072 2968 2384 3055 Oppressa
2430 2970 2621 3035 factio
2669 2974 2840 3047 erat,
2892 2988 3054 3053 quae

664 3079 882 3139 contra
950 3074 1459 3139 adversariorum
1532 3074 1941 3139 insolentiam
2013 3080 2078 3139 et
2145 3075 2509 3159 superbiam
2575 3096 2655 3138 ne
2712 3076 3055 3139 mussitare

664 3179 926 3264 quidem
976 3179 1281 3244 audebat:
1333 3182 1488 3264 quin
1534 3182 1742 3265 igitur
1788 3179 2231 3244 rescribimus:
2283 3179 2386 3242 καὶ
2433 3178 2681 3255 μάλιςα
2722 3180 2772 3243 οἱ
2824 3201 3056 3243 κατα-

663 3284 1292 3366 ςασιαζόμενοι.
1356 3285 1489 3350 Nec
1534 3287 1729 3350 nlmis
1775 3285 2057 3350 violenta
2103 3287 2407 3349 correctio
2455 3290 2552 3350 est
2598 3289 2662 3349 et
2706 3286 2775 3350 in
2819 3286 3056 3350 vicinia

658 3390 942 3477 legimus
1010 3390 1061 3455 I.
1128 3391 1188 3455 6.
1217 3390 1294 3455 4:
1372 3391 1484 3455 ὑπὸ
1552 3397 1668 3455 τῶν
1730 3390 2083 3469 Λυσάνδρου
2147 3389 2349 3471 φίλων
2411 3387 3053 3470 καταςασιαζόμενος.

662 3495 1017 3560 Historiam
1062 3495 1329 3560 illorum
1380 3500 1745 3579 temporum
1792 3496 1938 3561 vide
1984 3495 2152 3581 apud
2201 3492 2481 3561 Grotum
2527 3493 2676 3560 VHI
2722 3516 2784 3579 p.
2836 3494 2991 3561 213.

754 3598 901 3664 XII.
970 3599 1131 3665 Ibid.
1196 3600 1246 3663 I.
1298 3599 1359 3663 6.
1391 3598 1508 3664 102
1577 3600 1818 3665 Κόνωνα
1883 3598 1938 3665 δ’
1991 3598 2162 3665 εἶπεν
2206 3598 2298 3663 ὅτι
2349 3598 2575 3664 παύσει
2623 3604 3050 3680 μοιχῶντα

667 3705 776 3778 τὴν
839 3705 1184 3781 θάλατταν,
1243 3704 1468 3767 Mnem.
1523 3703 1699 3769 1894
1761 3727 1822 3790 p.
1877 3703 2006 3768 102
2070 3704 2364 3788 pluribus
2413 3702 2741 3769 ostendere
2787 3706 3050 3768 conatus

667 3830 812 3873 sum
857 3807 1142 3873 multum
1193 3814 1541 3891 praestare:
1594 3810 1774 3873 άνοί
1790 3833 2042 3887 γοντα
2089 3811 2199 3883 τὴν
2249 3809 2596 3873 θάλατταν.

755 3912 932 3977 ΧΙΠ.
1001 3912 1162 3977 Ibid.
1223 3911 1274 3976 I.
1341 3911 1402 3977 6.
1433 3910 1553 3979 1¹7:
1624 3911 1822 3978 Κόνων
1894 3912 1948 3978 δ’
2021 3916 2096 3981 ὥς
2160 3911 2315 3992 ἔφθη
2383 3914 2496 3979 ὑπὸ
2561 3919 2681 3977 τῶν
2739 3910 3050 3989 πολεμίων

666 4016 1322 4095 κατακωλυθείς,
1364 4018 1727 4095 ἠναγκάσθη
1770 4024 2185 4100 ναυμαχῆσαι
2227 4017 2370 4098 πρὸς
2413 4019 2495 4098 τῷ
2537 4018 2762 4096 λιμένι.
2805 4017 3048 4097 Quaero

666 4123 819 4208 quid
888 4124 1299 4207 participium
1367 4122 1473 4187 hic
1541 4124 1878 4209 significet.
1952 4124 2274 4189 Adeamus
2342 4126 2756 4208 interpretes:
2833 4123 3051 4187 scribit

666 4226 1318 4293 Biichsenschiitzius:
1384 4229 1888 4305 »κατακωλυθείς
1939 4267 2022 4278 —-
2071 4230 2183 4293 das
2247 4227 2469 4294 Innere
2531 4229 2640 4293 des
2685 4227 2931 4293 Hafens
2975 4247 3050 4291 zu

667 4330 989 4396 erreichen
1005 4351 1021 4409 3
1089 4351 1156 4396 so
1219 4332 1379 4397 wird
1443 4332 2050 4418 dementsprechend
2097 4334 2208 4399 der
2253 4333 2595 4397 Ausdruck
2641 4332 2784 4412 πρὸς
2836 4332 2920 4412 τῷ
2966 4346 3052 4395 λι-

667 4435 803 4517 μένι
869 4434 1040 4500 wohl
1096 4434 1215 4500 den
1258 4435 1561 4523 Eingang
1607 4439 1718 4503 des
1762 4436 2005 4503 Hafens
2050 4437 2490 4504 bezeichnen.’'
2561 4436 2783 4522 Itaque
2832 4435 3050 4501 doctus
