3351 5463
1312 380 1701 432 msomus.
2149 382 2158 391 ·
2569 365 2693 432 151

322 568 477 612 esse.
535 546 639 612 Sic
700 547 879 612 nulla
940 554 1227 633 superest
1288 548 1628 614 difficultas
1667 552 1736 612 in
1783 549 1904 613 hoc
1948 548 2119 625 loco;
2172 547 2426 613 Orestes
2471 570 2701 633 nequa-

321 674 514 738 quam
562 653 719 717 dicit
764 674 831 718 se
876 660 1111 719 tessera
1158 654 1457 740 hospitali
1506 676 1782 719 usurum
1819 675 1955 719 esse
1991 660 2066 719 ut
2104 655 2295 720 domo
2334 657 2697 739 recipiatur,

318 758 507 823 choro
562 758 940 843 simpliciter
986 760 1256 837 indicat,
1308 763 1449 844 quis
1470 808 1484 835 ,
1535 760 1744 845 qualis
1789 763 2034 824 amicus
2081 781 2232 824 eum
2279 759 2700 825 adiuvaturus

316 866 405 927 sit
466 866 535 927 in
596 866 865 928 immani
927 865 1203 930 facinore
1264 866 1590 949 patrando.
1662 864 1861 929 Nulla
1924 868 2130 950 igitur
2191 870 2286 928 est
2353 868 2553 942 rati0,
2625 871 2702 929 ut

317 989 474 1032 cum
514 968 586 1032 F.
635 967 735 1033 W.
782 968 1141 1034 Schmidtio
1189 991 1450 1034 versum
1492 969 1955 1055 interpolatum
2002 969 2360 1034 iudicemus
2400 970 2508 1035 vel
2549 991 2698 1034 cum

320 1074 767 1141 Heimsoethio
814 1078 909 1140 ita
952 1078 1404 1142 resarciamus:

774 1176 893 1254 ἥξω
942 1180 1051 1243 σὺν
1100 1180 1267 1259 άνδρὶ
1316 1178 1459 1260 τῷδ’
1512 1180 1852 1251 ἐπιστολὰς
1899 1181 2095 1261 Φέρων

774 1286 1113 1365 Στροφίου,
1163 1287 1353 1362 <Ulmo
1400 1310 1468 1349 τε
1517 1287 1620 1349 καὶ
1674 1283 1978 1364 ὃορυξένου
2030 1284 2247 1361 δόμων.

321 1390 642 1457 Medicina
684 1412 829 1456 mea
875 1392 1088 1457 multo
1133 1391 1357 1457 lenior.

336 1612 343 1619 ’
413 1594 693 1681 Choeph.
746 1596 877 1664 928
902 1619 1037 1682 sqq.

592 1713 727 1768 KA.
775 1703 829 1768 οἳ
880 1706 989 1781 ’γὼ
1040 1708 1309 1767 τεκοῦσά
1356 1704 1515 1768 τόνδ’
1558 1703 1702 1781 ὅφιν
1749 1700 2121 1781 ἐθρεψάμην.

598 1819 724 1873 ΟΡ.
774 1805 810 1881 ἦ
860 1810 1057 1888 κάρτα
1108 1809 1334 1883 μάντις
1384 1810 1490 1886 οὑξ
1538 1808 1852 1887 ὀνειράτων
1898 1807 2122 1889 Φόβος.

599 2030 723 2083 ΟΡ.
776 2020 987 2091 ἔκαινες
1038 2018 1099 2083 ὃν
1150 2022 1215 2084 οὐ
1263 2028 1439 2102 χρῆν,
1493 2021 1596 2083 καὶ
1649 2019 1718 2083 τὸ
1766 2023 1855 2094 μὴ
1905 2020 2097 2100 χρέων
2146 2020 2326 2084 πάθε.

318 2126 745 2191 Manifestum
806 2130 902 2191 est
965 2131 1110 2211 post
1173 2125 1303 2191 929
1368 2146 1625 2190 versum
1689 2122 2238 2211 Clytaemnestrae
2285 2126 2710 2191 intercidisse.·

316 2231 734 2296 Inserendum
778 2231 991 2295 iudico
1038 2231 1206 2315 quod
1254 2238 1317 2295 et
1364 2233 1679 2301 sententia
1727 2238 1792 2294 et
1838 2231 2303 2317 stichomythia
2343 2232 2639 2297 suadent:

596 2345 730 2401 KA.
781 2336 1023 2401 ‘renovo’
1069 2333 1129 2400 ὃν
1177 2337 1242 2399 οὔ
1290 2342 1445 2414 χρῆν
1492 2336 1657 2399 δεινοὶ
1709 2340 1809 2398 νῦν
1858 2336 2070 2411 μέλλω
2125 2337 2360 2400 ποιθεῖν.

410 2551 698 2637 Ohoeph.
748 2550 900 2619 957.

774 2666 1093 2737 κρατεῖται
1142 2663 1270 2728 πῶς
1321 2660 1386 2722 τὸ
1436 2660 1583 2721 θεῖον
1632 2656 1808 2738 παρὰ
1856 2655 1926 2720 τὸ
1977 2656 2063 2731 μὴ

774 2765 1096 2843 ὑπουργεῖν
1145 2771 1393 2841 κάκοῖς;

775 2871 941 2948 ἄξιον
990 2872 1046 2933 δ’
1093 2871 1457 2948 οὐρανοῦχον
1508 2869 1716 2947 άρχάν
1767 2868 1996 2944 σέβειν.

314 2977 741 3043 Manifestum
781 2983 877 3042 est
916 2976 1121 3040 literis
1162 2974 1391 3039 multis
1431 2974 1719 3040 evanidis
1758 2975 2032 3038 scribam
2074 2973 2370 3038 sedulum
2403 2974 2704 3061 religiose

317 3087 537 3149 omnia
583 3082 913 3168 collegisse
953 3103 1115 3167 quae
1152 3085 1218 3145 in
1260 3086 1445 3146 textu
1483 3087 1548 3145 et
1588 3083 1653 3144 in
1697 3079 1913 3165 glossa
1952 3101 2080 3144 non
2118 3101 2376 3165 prorsus
2415 3086 2706 3146 evanuis—

312 3294 587 3359 tradidit
644 3294 939 3380 intellegi
1000 3299 1327 3379 nequeunt
1396 3293 1505 3358 sed
1566 3295 1948 3376 antiquioris
2012 3295 2361 3378 scripturae
2424 3298 2702 3380 vestigia

314 3399 544 3464 saltem
608 3407 1023 3466 servaverunt
1049 3448 1064 3477 ‚
1128 3399 1299 3464 unde
1345 3400 1615 3464 fortasse
1663 3401 1793 3463 viri
1840 3398 2009 3462 docti
2056 3420 2274 3464 veram
2324 3406 2437 3464 aut
2482 3403 2704 3465 verisi-

312 3504 545 3570 milem
583 3504 923 3571 lectionem
968 3526 1188 3570 eruere
1233 3511 1555 3590 poterunt.
1607 3502 1939 3568 Wecklein
1987 3507 2289 3569 coniecit:

771 3619 1091 3690 κρατεῖται
1143 3611 1205 3674 δὲ
1256 3610 1382 3682 πῶς
1432 3610 1501 3674 τὸ
1552 3611 1740 3686 μῆδος
1790 3611 1929 3675 θεῶν

773 3716 1093 3795 ὑπουργεῖν
1141 3724 1387 3793 κακοῖς3

775 3822 946 3899 θέμις
995 3821 1046 3884 δ’
1096 3823 1458 3900 οὐρανοῦχον
1506 3823 1715 3900 άρχὰν
1763 3821 1996 3898 σέβειν.

313 3925 456 3992 Iam
480 3927 882 4005 Heimsoeth,
908 3926 1138 3992 collato
1161 3926 1514 4012 HesychiO,
1541 3928 1714 4001 θέμις
1739 3948 1852 4012 pro
1877 3925 2044 4000 ἄξιον
2071 3927 2344 4010 scripsit.
2389 3929 2701 4015 Agnoscit

314 4033 685 4118 Wecklein,
738 4041 811 4097 ut
862 4034 956 4098 fas
1005 4039 1135 4110 est,
1193 4036 1627 4097 coniecturam
1681 4054 1867 4098 suam
1933 4032 2116 4097 valde
2173 4036 2486 4098 incertam
2542 4057 2697 4100 esse.

316 4139 500 4218 Quod
529 4138 684 4204 licet
720 4160 948 4204 verum
986 4141 1103 4215 sit,
1144 4141 1488 4204 inventum
1510 4144 1724 4203 tamen
1763 4144 1952 4223 grato
1995 4141 2209 4202 animo
2253 4141 2699 4224 excipiendum

313 4252 447 4323 est,
509 4248 565 4310 si
629 4246 869 4309 bonum
927 4265 1187 4309 sensum
1235 4245 1493 4328 praebet
1540 4251 1603 4308 et
1648 4265 1787 4308 rem
1834 4245 1991 4308 bene
2041 4243 2355 4327 explicat3
2407 4245 2584 4329 quod'
2624 4247 2698 4310 de

312 4353 434 4416 hac
493 4354 859 4417 coniectura
920 4350 1221 4414 affirmari
1284 4355 1513 4434 potest.
1578 4348 1801 4413 Unum
1863 4351 1981 4414 hoc
2035 4370 2141 4412 me
2190 4348 2481 4426 offendit,
2532 4351 2698 4434 quod

309 4463 394 4522 ut
436 4478 659 4523 sensus
699 4455 1012 4533 eliciatur,
1055 4455 1363 4541 explicari
1405 4477 1655 4521 necesse
1700 4461 1794 4520 est
1834 4464 2152 4534 κρατεῖται
2197 4453 2450 4530 (ὥστε)
2493 4457 2698 4536 ὑπουρ-
