3351 5463
689 340 797 439 32*
1681 386 2068 440 anselmus.

606 585 613 594 ·
689 555 920 621 tradita
964 555 1150 621 lectio
1197 559 1368 620 nasci
1403 558 1616 640 potuit
1654 577 1732 621 ex
1772 577 1970 640 aeque
2008 559 2156 640 apto
2200 555 2657 632 αἰμέλικτα,
2703 557 2815 620 sed
2854 559 3069 622 nescio

689 683 767 726 an
815 662 1024 726 obstet
1067 661 1235 744 quod
1281 661 1639 747 Aeschylus
1686 661 1921 745 aliique
1967 664 2034 724 in
2082 661 2275 726 verbo
2314 661 2613 736 μειλίσσω
2654 666 2719 726 et
2762 662 3073 728 derivatis

688 768 792 847 (cf.
841 769 1178 848 ἀμείλιχος
1228 764 1381 834 Cho.
1427 766 1583 848 623)
1631 767 2106 852 diphthongum
2154 764 2436 831 Ionicam
2479 787 2731 832 servare
2771 767 3073 833 assolent.

780 984 994 1048 Prom.
1043 982 1172 1048 291
1225 985 1327 1047 οὐκ
1370 982 1489 1049 ἔσθ’
1530 979 1644 1064 ὅτῳ
1688 981 1804 1047 ‘0‘ch
1846 982 2119 1069 Blaydes
2162 1004 2221 1067 p.
2255 979 2357 1046 17.
2405 982 2547 1048 Hoc
2585 986 2723 1068 ipse
2766 986 3072 1070 proposui

689 1089 934 1156 Mnem.
981 1089 1037 1152 V
1084 1095 1165 1169 (a.
1220 1086 1645 1170 1877),,188.

781 1291 997 1357 Prom.
1047 1290 1175 1355 491
1204 1312 1294 1376 sq.
1354 1289 1494 1354 vid.
1560 1289 1806 1354 Mnem.
1854 1288 1972 1367 1.1.‚
2022 1289 2097 1355 de
2147 1313 2241 1357 vs.
2295 1289 2423 1357 507
2470 1291 2711 1356 ibidem
2758 1311 2821 1374 p.
2875 1259 3028 1354 18‘9.

780 1509 997 1573 Prom.
1051 1507 1180 1572 628
1229 1508 1347 1578 σας
1398 1507 1450 1571 δ’
1493 1509 1636 1571 ὀκνῶ
1688 1507 1981 1584 θράξαι
2029 1508 2281 1586 φρένας.
2331 1506 2430 1571 Ita
2469 1508 2684 1572 codex.
2725 1506 2959 1571 Vereor
2998 1527 3076 1570 ne

690 1614 929 1679 iniuria
967 1613 1320 1678 Buttmann
1339 1663 1354 1690 ,
1397 1611 1634 1690 Cobet,
1678 1612 1793 1677 alii
1832 1614 2021 1677 scribi
2060 1615 2363 1678 iusserint
2403 1600 2651 1693 θρὶὶξαι,
2680 1615 2830 1696 quia
2853 1612 3077 1676 eadem

693 1739 966 1804 syncope
1011 1719 1166 1783 haec
1209 1719 1414 1782 forma
1459 1723 1607 1782 nata
1653 1724 1749 1782 est
1799 1740 1833 1782 e
1882 1719 2185 1798 ταράξαι,
2228 1739 2353 1802 qua
2394 1739 2427 1782 e
2469 1720 2695 1795 θερίσαι
2733 1717 2806 1780 fit
2854 1716 3074 1796 ὁρίσαι,

692 1830 761 1891 in
824 1850 948 1913 quo
994 1833 1212 1892 tamen
1258 1827 1545 1893 vocalem
1593 1828 1853 1893 brevem
1902 1847 2155 1892 manere
2204 1831 2471 1891 constat.
2517 1825 2592 1889 In
2638 1813 2893 1890 πλάθειν
2943 1827 3081 1909 qui·
3146 1875 3154 1884 .

691 1933 942 1998 dem=
967 1922 1254 1997 πελῖἱθειν
1293 1933 1532 1999 vocalis
1571 1933 1965 2019 producitur,
2008 1932 2117 1998 sed
2156 1935 2339 1997 iutxa
2378 1932 2673 2004 πλη-σίον
2710 1930 2886 2009 (Dor.
2914 1944 3078 1993 πλα-

639 2089 644 2094 ,
700 2042 849 2122 τίον)
895 2045 992 2104 est
1035 2039 1292 2109 πέλ-ας.

784 2242 1000 2306 Prom.
1051 2240 1182 2305 662
1231 2239 1408 2311 τέλος
1459 2239 1510 2302 δ’
1562 2241 1827 2318 ἐναργὴς
1873 2238 2064 2316 βάξις
2117 2234 2291 2312 ἦλθεν
2342 2240 2565 2322 Ἰνάχῳ

1235 2352 1456 2426 σαφῶς
1505 2347 1975 2417 ἐπισκήπτουσα
2022 2347 2156 2409 καὶ
2208 2345 2676 2423 μυθουμένη

1239 2450 1350 2526 ἔξω
1399 2448 1592 2527 δόμων
1640 2475 1710 2515 τε
1759 2452 1861 2516 καὶ
1912 2449 2161 2530 πάτρας
2211 2453 2375 2516 ὠθεῖν
2428 2453 2537 2527 ἐμὲ
2586 2465 2725 2514 κτλ.

696 2559 836 2625 Iam
897 2558 1054 2624 olim
1116 2559 1292 2622 haesi
1350 2559 1419 2621 in
1480 2555 1677 2622 debili
1737 2558 1935 2623 verbo
1998 2558 2339 2635 μυθουμένη
2396 2557 2609 2622 addito
2658 2557 2906 2621 fortiori
2954 2556 3080 2619 ε’πι-

697 2667 1056 2740 σκήπτουσα
1078 2713 1094 2743 ,
1157 2666 1373 2749 itaque
1434 2684 1561 2727 non
1619 2685 1885 2749 possum
1943 2684 2070 2727 non
2131 2665 2425 2727 assentiri
2487 2661 2826 2748 Blaydesio
2876 2682 2939 2747 p.
2991 2659 3073 2724 35

695 2773 997 2837 scribenti
1068 2770 1306 2848 „Aliud
1372 2770 1600 2835 fortius
1665 2771 1937 2835 verbum
2001 2769 2303 2846 desidero.
2377 2767 2602 2833 Debile
2664 2770 2835 2832 enim
2897 2773 3077 2831 sonat

695 2878 1036 2955 μυθουμένη
1077 2882 1221 2961 post
1263 2875 1797 2951 ε’πισκήπτουσα”.
1846 2877 2094 2958 Aptum
2134 2875 2299 2939 foret
2337 2896 2397 2939 v.
2426 2896 2478 2939 c.
2520 2876 2830 2952 βιωμένη,
2874 2873 2982 2937 sed
3024 2875 3078 2935 si

694 3004 916 3049 versus
978 2984 1296 3066 genuinus
1359 2986 1486 3056 est,
1537 2980 1612 3045 de
1661 3001 1788 3064 quo
1837 2980 2103 3043 fortasse
2149 2984 2318 3043 recte
2366 2979 2660 3044 dubitavi
2704 2978 2949 3042 Mnem.
3002 2976 3075 3054 V,

701 3087 851 3165 189,
893 3084 1286 3172 probabilius
1325 3086 1584 3150 videtur
1624 3085 1794 3169 quod
1834 3084 2163 3169 quondam
2194 3087 2366 3148 suasi
2408 3083 3074 3161 κανθυμουμένῳ,

578 3270 586 3279 .
693 3193 874 3257 ‘etiam
918 3194 986 3256 in
1032 3192 1227 3255 animo
1275 3191 1420 3271 (hoc
1470 3190 1841 3271 consilium)
1887 3190 2172 3253 versanti.

788 3393 1002 3458 Prom.
1055 3392 1184 3458 685
1235 3394 1570 3458 σύνθαλπε.
1621 3392 1897 3479 Blaydes
1947 3392 2133 3470 „fort.
2184 3392 2258 3455 σὺ
2306 3391 2574 3455 θέλοι-ἐζ
2625 3390 3076 3457 Coniecturam

699 3502 1004 3583 occupavi
1049 3498 1292 3564 Mnem.
1345 3498 1400 3563 V
1445 3520 1508 3583 p.
1565 3497 1713 3563 189.

790 3714 1009 3781 Prom.
1061 3715 1192 3781 813
1241 3713 1417 3788 οὗτός
1466 3719 1524 3780 σ’
1575 3716 1781 3781 ὁδώσει
1831 3716 1939 3784 τὴν
1985 3716 2271 3795 τρίγωνον
2322 3716 2383 3787 ἐς
2431 3716 2626 3797 χθόνα

1241 3829 1563 3901 Νειλῶτιν,
1611 3820 1677 3886 οὗ
1723 3823 1794 3897 δὴ
1841 3823 1981 3894 τὴν
2026 3822 2343 3900 μακρὰν
2395 3821 2683 3886 ὥποικΙαν

1243 3930 1382 4003 Ἰοῖ,
1432 3927 1744 4007 πέπρωται
1798 3927 1889 3991 oo!
1931 3951 2000 3989 τε
2050 3925 2155 3989 καὶ
2205 3924 2433 3996 τέκνοις
2483 3926 2714 3990 κτίσαι.

699 4029 1028 4096 Wecklein
1083 4031 1344 4095 adnotat
1394 4034 1684 4111 »μακρὰν
1732 4030 1961 4096 ortlich
2009 4031 2220 4112 (fern),
2269 4031 2449 4095 nicht
2495 4029 2747 4095 zeitlich
2793 4030 2917 4111 (bis
2968 4051 3076 4093 zur

698 4135 1044 4201 Riickkehr
1107 4136 1216 4200 der
1275 4135 1599 4201 DanaIden
1661 4138 1822 4201 nach
1872 4136 2145 4221 Argos''.
2210 4136 2403 4201 Recte
2423 4184 2439 4213 ,
2502 4136 2612 4201 sed
2674 4138 2889 4199 contra
2939 4155 3075 4199 con-

697 4246 973 4305 stantem
1035 4243 1325 4305 omnium
1395 4239 1788 4306 Graecorum
1848 4261 2043 4305 usum
2103 4241 2207 4305 hic
2254 4243 2491 4319 μακρὸς
2539 4240 2859 4327 significat
2909 4241 3075 4321 lonqe

699 4345 984 4421 dissitus,
1064 4366 1266 4429 neque
1338 4353 1525 4431 aptus
1590 4352 1685 4411 est
1747 4346 2073 4411 articulus.
2147 4346 2368 4431 ⁸Quare
2430 4350 2716 4431 suspicor
2776 4345 3075 4410 traditam

697 4451 1041 4517 lectionem
1120 4453 1438 4537 originem
1500 4452 1715 4519 deberi
1774 4451 2151 4538 glossemati
2208 4452 2405 4518 alicui
2466 4454 2713 4531 μακρὰν
2793 4452 3073 4515 ἀποῦσαν
