3351 5463
1362 401 1738 454 tuonmms.

1284 566 1392 633 Vs.
1444 565 1664 633 540-
1672 567 1825 634 583.

461 667 592 733 540
638 673 963 755 praeterea
1010 674 1137 738 nisi
1182 674 1481 738 materies
1528 679 1783 740 aeterna
1811 674 2056 760 ¹fuisset
2071 723 2089 754 ,

636 779 783 841 ante
830 776 950 841 hac
998 776 1077 841 ad
1124 776 1333 844 nilum
1379 781 1639 863 penitus
1684 800 1796 844 res
1831 800 2118 865 quaeque
2163 780 2508 858 redissent3

634 879 713 946 de
758 880 1019 965 niloque
1066 888 1288 948 renata
1332 884 1539 948 forent
1588 905 1750 968 quae
1796 905 2072 970 cumque
2119 885 2432 952 videmus.

636 990 703 1050 at
750 989 1053 1070 quoniam
1102 1007 1295 1072 supra
1341 988 1531 1053 docui
1574 987 1670 1052 nil
1717 1009 1903 1074 posse
1949 992 2150 1054 creari

636 1089 713 1155 de
757 1091 891 1156 nilo
939 1112 1146 1177 neque
1192 1092 1364 1177 quod
1409 1095 1710 1180 genitum
1757 1099 1854 1160 est
1900 1094 1980 1160 ad
2024 1094 2122 1160 nil
2165 1099 2453 1162 revocari
2470 1145 2487 1174 ,

459 1193 589 1259 545
638 1217 773 1262 esse
819 1197 1176 1264 immortali
1219 1199 1568 1282 primordia
1613 1220 1870 1285 corpore
1916 1199 2148 1266 debent
2162 1246 2180 1278 ‚

636 1301 907 1368 dissolui
954 1324 1080 1388 quo
1126 1324 1413 1389 quaeque
1460 1326 1759 1390 supremo
1805 1311 2090 1392 tempore
2136 1308 2382 1393 possint
2397 1354 2414 1386 ,

631 1411 931 1476 materies
978 1415 1054 1476 ut
1098 1409 1464 1495 subpeditet
1511 1411 1700 1476 rebus
1747 1411 2130 1496 reparandis.

634 1519 785 1588 sunt
829 1516 1037 1600 igitur
1084 1513 1285 1580 solida
1329 1516 1681 1601 primordia
1725 1515 2140 1602 simplicitate
2156 1565 2175 1595 ,

634 1639 749 1684 nec
794 1621 1041 1686 ratione
1088 1626 1331 1704 queunt
1376 1620 1506 1686 alia
1550 1626 1802 1687 servata
1848 1643 1961 1707 per
2007 1642 2231 1690 aevom

458 1719 589 1786 550
634 1745 714 1790 ex
758 1723 1009 1790 infinito
1052 1727 1183 1791 iam
1230 1729 1515 1811 tempore
1559 1747 1659 1792 res
1703 1747 2014 1812 reparare.

724 1827 1015 1915 Denique
1064 1833 1119 1895 si
1164 1829 1415 1906 nullam
1458 1831 1655 1896 finem
1699 1837 1929 1898 natura
1973 1838 2258 1917 parasset

634 1933 1003 2021 frangendis
1049 1937 1239 2003 rebus
1256 1985 1272 2014 ,
1320 1939 1454 2003 iam
1500 1957 1760 2024 corpora
1803 1939 2098 2005 materiai

631 2059 835 2124 usque
882 2039 1135 2106 redacta
1180 2042 1385 2108 forent
1432 2063 1591 2108 aevo
1636 2042 1974 2128 frangente
2019 2043 2230 2127 priore
2247 2090 2264 2120 ,
2389 2119 2399 2128 ,

638 2149 713 2208 ut
755 2143 851 2208 nil
894 2165 972 2210 ex
1016 2143 1151 2210 illis
1196 2166 1235 2212 a
1280 2150 1452 2211 certo
1503 2151 1788 2231 tempore
1833 2152 2048 2232 posset

458 2246 589 2312 555
636 2253 1015 2334 conceptum
1061 2269 1385 2317 summam
1432 2253 1659 2316 aetatis
1705 2251 2048 2336 pervadere
2093 2252 2306 2318 finem.

634 2374 786 2419 nam
836 2353 1095 2438 quidvis
1142 2357 1333 2420 citius
1380 2355 1647 2421 dissolvi
1693 2375 1878 2442 posse
1924 2357 2216 2423 videmus

640 2479 835 2543 quam
882 2477 1105 2523 rursus
1149 2458 1356 2538 refici3
1406 2481 1532 2544 qua
1575 2466 1835 2546 propter
1878 2461 2074 2548 longa
2119 2462 2246 2530 diei

636 2563 889 2629 infinita
935 2568 1109 2630 aetas
1154 2569 1299 2629 ante
1346 2567 1473 2629 acti
1519 2568 1828 2651 temporis
1873 2569 2085 2632 omnis

637 2668 811 2754 quod
855 2669 1153 2756 fregisset
1200 2669 1406 2735 adhuc
1450 2669 1818 2737 disturbans
1863 2671 2344 2758 dissoluensque
2360 2720 2378 2752 ‚

462 2772 593 2839 560
638 2796 994 2859 numquam
1016 2775 1279 2842 ‘relicuo
1326 2779 1605 2862 reparari
1650 2781 1940 2861 tempore
1988 2784 2218 2864 posset.

640 2885 707 2945 at
752 2902 920 2946 nunc
938 2929 955 2959 ,
1002 2883 1072 2946 ni
1118 2884 1368 2947 mirum
1386 2930 1402 2961 ,
1452 2882 1787 2969 frangendi
1831 2866 2090 2948 reddita‘
2123 2882 2268 2948 finis

636 2990 810 3051 certa
853 2991 1072 3052 manet
1088 3034 1105 3064 ‚
1156 2990 1461 3072 quoniam
1505 2987 1682 3054 refici
1728 3010 1861 3055 rem
1913 3008 2231 3074 quamque
2276 2989 2571 3056 videmus

641 3096 708 3157 et
752 3091 936 3157 finita
982 3092 1182 3159 simul
1224 3096 1584 3180 generatim
1628 3100 1922 3180 tempora
1969 3095 2160 3160 rebus

642 3202 808 3263 stare
824 3245 843 3275 ‚
892 3198 1123 3283 quibus
1169 3200 1415 3284 possint
1462 3202 1607 3266 aevi
1648 3202 2015 3286 contingere
2059 3199 2302 3265 florem.

464 3300 595 3367 565
641 3304 769 3369 huc
816 3303 1058 3369 accedit
1103 3306 1202 3369 uti
1218 3351 1237 3381 ‚
1286 3301 1673 3369 solidissima
1719 3306 2014 3370 materiai

642 3420 906 3494 'corpora
952 3430 1102 3474 cum
1148 3413 1439 3475 constant
1454 3456 1472 3488 ‚
1519 3411 1766 3494 possint
1812 3414 2028 3475 tamen
2073 3410 2288 3475 omnia
2331 3408 2510 3474 reddi

644 3513 871 3579 mollia
917 3535 1076 3599 quae
1121 3513 1315 3593 fiunt,
1366 3520 1492 3592 aer,
1543 3535 1709 3599 aqua
1725 3562 1743 3593 ,
1791 3518 1958 3580 terra
1973 3562 1991 3593 ,
2040 3534 2306 3599 vapores
2325 3561 2344 3594 ,

644 3641 771 3705 quo
816 3624 1002 3705 pacto
1051 3618 1209 3685 fiant
1251 3623 1317 3685 et
1363 3640 1489 3704 qua
1533 3621 1605 3685 vi
1650 3640 1938 3705 quaeque
1981 3624 2289 3706 gerantur-

645 3726 1009 3791 admixtum
1057 3727 1361 3810 quoniam
1405 3724 1605 3791 semel
1650 3732 1746 3791 est
1791 3728 1860 3791 in
1903 3727 2096 3792 rebus
2139 3728 2360 3791 inane:

468 3826 599 3896 5¹70
647 3834 713 3896 at
757 3834 976 3899 eontra
1021 3833 1078 3896 si
1122 3830 1348 3896 mollia
1392 3834 1524 3897 sint
1566 3832 1917 3915 primordia
1961 3852 2211 3909 rerum,

645 3936 814 4002 unde
860 3941 1097 4021 queant
1141 3935 1340 4003 validi
1382 3936 1591 4003 silices
1637 3937 2007 4022 ferrumque
2052 3939 2252 4002 creari

646 4062 773 4105 non
816 4043 1054 4125 poterit
1099 4041 1263 4105 ratio
1308 4041 1522 4106 reddi:
1572 4062 1724 4107 nam
1768 4042 2060 4107 funditus
2105 4043 2313 4109 omnis

645 4146 956 4230 principio
1000 4145 1407 4211 fundamenti
1451 4150 1682 4212 natura
1726 4148 1988 4213 carebit.

646 4255 794 4316 sunt
841 4251 1047 4338 igitur
1090 4250 1293 4319 solida
1335 4250 1645 4336 pollentia
1691 4252 2105 4338 simplicitate
2123 4298 2142 4331 ,

468 4351 599 4421 575
644 4375 922 4441 quorum
966 4354 1273 4421 condenso
1320 4356 1531 4442 magis
1575 4357 1792 4423 omnia
1834 4356 2176 4435 conciliatu

646 4462 841 4525 artari
884 4466 1148 4547 possunt
1192 4459 1562 4545 validasque
1607 4463 1936 4528 ostendere
1982 4464 2159 4528 viris.

2392 4580 2455 4629 21

2611 387 2746 456 313
