3351 5463
659 322 745 387 24
1733 338 1965 387 mvrus.

660 527 740 571 ex
802 507 1064 588 antiqua
1124 506 1516 581 coniectura,
1600 523 1794 588 quam
1857 506 2385 569 commemoravit
2446 504 2899 570 Drakenborch
2961 505 3057 570 ad

656 613 720 676 h.
747 611 792 675 1.
857 610 1024 675 Item
1084 613 1153 673 in
1217 608 1323 674 28.
1352 606 1459 673 37.
1488 608 1529 672 8
1591 612 1704 674 vix
1765 615 2011 699 rectum
2075 616 2172 674 est
2218 610 2370 672 viris
2416 612 2600 676 armis
2644 612 2813 674 haud
2856 633 3055 696 aeque

655 716 942 792 validam,
983 715 1090 779 sed
1128 715 1280 778 viris
1319 716 1629 800 armisque,
1671 721 1748 778 111.
1784 715 2026 779 ibidem
2065 715 2308 801 legitur
2347 716 2447 800 §5
2473 719 2630 781 etin
2654 715 2762 781 28.
2790 715 2898 781 42.
2931 716 3048 781 18.

658 821 864 901 Quam
905 841 1088 905 saepe
1129 819 1422 884 enclitica
1459 819 1774 904 particula
1813 823 2048 885 omissa
2082 823 2167 884 sit
2207 841 2243 886 a
2275 820 2553 886 librariis
2572 870 2589 899 ‚
2633 822 3051 887 docet'varia

657 928 846 993 lectio
894 927 973 991 ad
1021 926 1127 990 28.
1158 923 1263 992 37.
1293 924 1354 1002 9,
1407 924 1512 991 38.
1541 925 1602 1003 5,
1654 925 1761 990 39.
1792 926 1831 991 9
1879 926 1959 991 al.

749 1167 801 1210 c.
852 1144 958 1209 28.
989 1143 1049 1209 3.
1099 1145 1310 1229 Neque
1357 1145 1510 1207 enim
1555 1145 1853 1208 homiuum
1892 1147 2059 1208 modo
2099 1146 2271 1208 twrba
2288 1193 2304 1223 ,
2344 1147 2658 1210 mulierum
2685 1169 3048 1229 puerorum-

658 1275 768 1336 que
837 1251 1168 1331 aymiuibus
1238 1252 1334 1312 im
1349 1251 1502 1312 mia·
1521 1258 1546 1314 t
1562 1275 1601 1313 a
1618 1298 1634 1328 ,
1706 1251 1895 1314 omnis
1948 1251 2185 1332 passim
2254 1252 2644 1334 compleverat
2702 1252 2833 1316 vias
2852 1301 2868 1328 ,
2932 1255 3052 1340 sed

645 1379 870 1439 pecora
916 1379 1140 1441 quoque
1173 1379 1332 1438 prae
1378 1379 1441 1419 ee
1487 1363 1746 1436 aqreetee
1793 1357 2042 1436 aqebant
2061 1403 2078 1434 ,
2121 1363 2189 1419 ut
2226 1357 2489 1441 rebinqui
2524 1357 2717 1422 eubito
2756 1358 3048 1443 Africam

657 1464 900 1526 diceree.
980 1461 1227 1524 Urbibus
1287 1484 1420 1524 vero
1469 1462 1625 1544 ipsis
1669 1462 1946 1525 maiorem
1994 1485 2165 1546 quam
2216 1485 2252 1545 q
2266 1485 2309 1525 u
2324 1485 2356 1524 e
2370 1485 2425 1524 m
2470 1485 2660 1526 eeeum
2704 1464 3048 1527 attulerant

659 1574 937 1630 terrorem
985 1567 1350 1651 inferebant.
1465 1590 1470 1595 ·

746 1673 831 1735 Et
892 1675 986 1736 rei
1032 1674 1194 1736 ratio
1242 1678 1306 1736 ct
1354 1693 1508 1736 usus
1555 1673 1879 1757 postulare
1925 1674 2182 1739 videtur
2226 1679 2302 1739 111
2348 1676 2709 1759 corrigatur
2752 1675 3047 1737 immix-

659 1779 796 1842 tis:
861 1780 928 1841 in
988 1778 1332 1842 hominum
1393 1779 1581 1842 turba
1640 1782 1977 1843 immixtae
2024 1785 2203 1843 erant
2249 1779 2551 1844 muheres
2598 1788 2661 1844 et
2705 1783 2922 1865 pueri,
2972 1786 3042 1845 et

659 1885 868 1949 confer
917 1884 1023 1948 26.
1055 1882 1160 1950 37.
1195 1884 1228 1948 1
1280 1885 1471 1947 variis
1517 1886 1750 1948 casibus
1796 1885 2102 1949 immioetis.
2155 1883 2215 1949 3.
2246 1885 2352 1950 50.
2386 1886 2468 1950 10
2508 1887 2764 1949 immixti
2808 1888 3037 1951 turbae.

656 1991 816 2055 Mox
862 1991 1200 2055 librarium
1247 1990 1559 2055 addidisse
1607 1993 1895 2074 suspicor
1940 2013 2116 2076 pron.
2167 1991 2545 2069 relativum,
2595 1993 2766 2077 quod
2807 1991 3043 2056 Livius

659 2099 952 2160 omittere
1024 2093 1217 2171 solet,
1304 2097 1358 2158 si
1427 2116 1660 2159 nomen
1730 2095 2209 2160 substantivum
2276 2099 2693 2181 sequitur:
2767 2096 2827 2160 3.
2857 2095 2959 2159 16.
2990 2095 3029 2158 5

657 2201 879 2264 maiore
925 2223 1097 2283 quam
1143 2199 1412 2262 venerint
1457 2199 1721 2263 silentia
1771 2200 1927 2265 ibid.
1974 2199 2079 2264 50.
2108 2201 2149 2265 2
2184 2202 2461 2264 maiorem
2500 2225 2671 2286 quam
2708 2202 3041 2285 reliquerat

665 2312 880 2368 motum
897 2332 924 2379 ;
1010 2325 1493 2388 nonnumquam
1566 2308 1765 2369 etiam
1834 2309 1891 2369 si
1958 2295 2155 2370 5111151..
2225 2307 2691 2390 praecedit:
2767 2306 2827 2371 5.
2859 2307 2962 2371 12.
2993 2304 3032 2372 ’7

658 2410 874 2474 seditio
919 2410 1142 2473 maiore
1183 2410 1334 2472 mole
1379 2433 1552 2495 quam
1590 2411 1749 2473 bella
1773 2413 1861 2489 (1.
1891 2410 1997 2476 38.
2028 2409 2114 2489 5).
2157 2411 2265 2475 26.
2294 2411 2401 2476 20.
2435 2411 2509 2474 11
2552 2411 2775 2474 maiore
2804 2412 3033 2492 qratia,

658 2538 833 2600 quam
880 2522 1139 2578 venerat.
1193 2513 1298 2579 43.
1326 2514 1432 2606 23.
1466 2515 1498 2578 l
1553 2537 1671 2578 nou
1716 2516 1941 2579 minore
1985 2516 2295 2579 vexatione
2313 2562 2329 2592 ,
2377 2538 2549 2600 quam
2594 2523 2874 2597 venerat;
2922 2517 3030 2581 sed

655 2623 906 2704 saepius
955 2625 1114 2709 tunc·
1144 2615 1444 2684 'additurt
1498 2617 1558 2683 3.
1595 2619 1698 2683 16.
1728 2621 1767 2684 6
1806 2621 2027 2685 maiore
2064 2628 2219 2684 metu
2247 2668 2260 2684 .
2290 2667 2305 2683 .
2333 2669 2347 2685 .
2387 2644 2443 2704 q.
2487 2643 2671 2704 quem.
2714 2619 2822 2686 2¹7.
2850 2620 2955 2685 36.
2987 2619 3024 2688 '7

656 2726 847 2789 minor
907 2748 1182 2789 uumerus
1243 2749 1297 2809 q.
1363 2725 1484 2809 qui.
1555 2725 1662 2790 28.
1695 2724 1801 2790 39.
1834 2725 1867 2790 1
1936 2725 2101 2789 nihil
2158 2726 2324 2789 ultra
2384 2725 2671 2789 malorum
2730 2750 2787 2811 q.
2851 2728 3027 2812 quod.

655 2832 810 2896 ibid.
866 2831 971 2895 50.
1003 2828 1062 2908 ’7,
1114 2830 1221 2895 30.
1251 2830 1358 2895 23.
1386 2831 1449 2909 2,
1502 2831 1607 2896 32.
1642 2831 1745 2896 13.
1777 2828 1836 2897 ’7.

749 3056 801 3097 c.
854 3031 960 3099 30.
992 3031 1052 3096 5.
1126 3034 1486 3117 Quamquam
1547 3033 1857 3117 ah'quauto
1919 3033 2110 3097 mv'azor
2167 3058 2270 3115 epe
2328 3036 2647 3122 multitudo
2666 3084 2682 3112 ‚
2744 3060 2849 3099 nee
2902 3060 3029 3100 eum

658 3162 775 3224 qua
817 3145 1044 3202 tantam
1080 3161 1200 3201 rem
1238 3138 1490 3217 adyredi
1529 3138 1681 3201 satie
1720 3141 1997 3216 auderet,
2042 3147 2420 3217 convenerat,
2445 3147 2615 3203 ratus
2640 3141 3030 3221 (Masinissa)

658 3246 883 3325 nqeudo
947 3267 1016 3306 ae
1071 3236 1364 3306 moliendo
1411 3244 1566 3306 vires
1613 3266 1837 3328 quoque
1884 3247 1968 3308 ad
2026 3269 2063 3307 a
2073 3268 2215 3325 qen
2234 3247 2403 3308 dum
2461 3246 2704 3331 aliquid
2746 3247 3031 3311 conlectu-

655 3373 786 3412 rum
835 3397 849 3413 .
883 3396 896 3413 .
926 3398 940 3414 .
1896 3420 1902 3426 ,
2332 3341 2342 3351 ’

748 3454 823 3519 Ι11
883 3456 1115 3533 aqendo'
1135 3491 1217 3501 —-
1247 3457 1538 3534 ayeudwm
1598 3476 1725 3519 non
1788 3476 2093 3541 agnosco,
2140 3460 2215 3520 ut
2260 3454 2759 3532 Weiss.-Muell.‚
2808 3456 3028 3521 lusum

658 3560 974 3644 quendam
1036 3560 1413 3635 verborum,
1479 3560 1587 3623 sed
1647 3563 1862 3644 potius
1921 3582 2201 3625 errorem
2259 3564 2351 3625 ita
2410 3561 2891 3646 corrigendum,
2954 3567 3030 3625 111

657 3686 770 3749 pro
835 3664 1031 3728 altero
1097 3664 1408 3727 scribatur
1455 3666 1555 3727 ad
1599 3667 2055 3728 audendum.
2106 3664 2202 3731 Of.
2255 3665 2360 3730 35.
2391 3664 2610 3730 35.16
2658 3668 2889 3746 aqenda
2933 3689 3029 3729 ree

659 3778 777 3846 est,
817 3770 1055 3832 iuvenes
1095 3771 1485 3853 audeudaque
1522 3775 1586 3834 et
1622 3771 1776 3834 ibid.
1821 3769 1927 3834 31.
1960 3772 2043 3835 12
2082 3772 2279 3835 omnia
2301 3778 2359 3834 et
2381 3774 2649 3835 conanda
2674 3779 2731 3835 et
2752 3774 3030 3836 audenda

659 3897 779 3938 esse
827 3874 933 3938 23.
963 3873 1023 3937 9.
1053 3872 1090 3936 5
1141 3875 1476 3937 audeantur
1521 3876 1810 3960 infanda.
1858 3876 2224 3962 Vestigium
2274 3897 2453 3942 verae
2497 3876 2787 3941 lectionis
2824 3898 3031 3943 serva-

658 3987 803 4044 tum
850 3986 946 4045 551.
989 3982 1058 4043 in
1105 3979 1281 4044 codd.
1330 4001 1452 4044 non
1503 3979 1725 4057 malis,
1777 3984 1888 4063 qui
1932 3984 2231 4048 exhibent
2276 3983 2624 4062 auqendmn.

750 4219 802 4261 c.
853 4196 958 4261 33.
989 4196 1048 4260 3.
1115 4196 1353 4280 Sypkaoe
1403 4243 1416 4259 .
1448 4245 1461 4261 .
1492 4244 1505 4259 .
1557 4203 1613 4259 et
1673 4196 1805 4278 ipse
1866 4196 1990 4259 leui
2044 4196 2195 4259 cbivo
2226 4197 2479 4281 ferente
2525 4200 2609 4261 ad
2650 4199 2863 4261 hostem
2914 4244 2928 4260 .
2964 4245 2977 4261 .
3009 4243 3025 4260 .

648 4327 766 4386 per
811 4304 1120 4365 adversum
1165 4310 1408 4365 montem
1453 4309 1701 4365 erectam
1746 4303 1931 4365 aciem
1976 4302 2161 4365 ducit.

748 4409 991 4473 Locum
1050 4406 1334 4474 illustrat
1392 4407 1650 4474 Tacitus
1712 4408 1810 4472 H.
1850 4407 1911 4474 3.
1941 4407 2021 4473 '71
2070 4408 2291 4495 forum
2339 4406 2741 4490 praetervecti
2788 4407 3027 4491 eriyuut
