3351 5463
661 345 797 413 200
1608 364 2107 422 ARISTOPHANES.

749 533 828 598 ad
889 554 985 598 vs,
1039 532 1189 611 130,
1214 532 1302 598 24
1366 531 1876 615 ἁρπάζοντος
1937 538 2043 599 τοῦ
2107 536 2292 625 ἀετοῦ
2355 534 2497 605 τοὺς
2561 531 2838 605 νεοττοὺς
2894 526 3021 600 τοὺς

657 644 764 703 τοῦ
820 639 1116 717 κανθάρου
1133 688 1151 718 ,
1201 639 1305 704 καὶ
1356 637 1729 720 δ’κοὶνθαρος
1779 641 1863 705 τὰ
1911 640 2002 721 ᾦα
2054 645 2159 704 τοῦ
2211 642 2395 704 οὲετοῢ
2448 640 2871 718 ἐκκλέψας
2918 635 3030 713 ἕξε-

657 746 904 810 κύλισεν
964 747 1093 811 κτὲ.
1156 745 1435 833 Requiro
1498 746 1797 826 ἐκλέψας.
1848 746 2006 811 Mox
2053 745 2098 812 1.
2150 747 2235 812 32
2284 747 2310 810 ὃ
2360 748 2423 812 δὲ
2471 745 2660 824 λόγος
2709 747 2855 824 πρὸς
2899 744 3027 814 τοὺς

657 851 903 924 ἀδίκους
964 853 1152 930 ἐστίν,
1217 849 1306 917 ὅτι
1363 853 1617 929 οὐδεμία
1668 853 1832 917 ἐστὶν
1883 854 2095 924 αὐτοῖς
2143 851 2511 934 ἀσφάλεια,
2575 852 2734 918 οὐδ’
2803 851 2891 917 ἂν
2950 851 3024 920 εἷς

656 958 757 1021 τὸν
820 957 1050 1022 κόλπον
1111 963 1216 1023 τοῦ
1282 959 1430 1030 Διὸς
1492 960 1956 1038 καταφύγωσι,
2025 958 2466 1038 διαφεύξονται
2542 961 2650 1034 την
2720 957 3028 1036 τιμωρίαν.

654 1050 886 1129 Tribus
947 1064 1198 1130 ultimis
1263 1065 1590 1131 vocabulis
1651 1065 1830 1131 locus
1875 1087 2003 1130 non
2045 1071 2139 1130 est
2160 1115 2175 1140 ‚
2224 1068 2350 1134 nisi
2400 1066 2790 1152 corrigimus
2838 1062 3029 1143 (καὶ)

654 1171 775 1235 οὐδ’
825 1169 900 1234 ἂν
948 1176 1060 1235 aut
1105 1171 1239 1235 οὐδὲ
1286 1170 1403 1236 κᾶν
1451 1174 1540 1243 εἷς
1586 1175 1689 1236 τὸν
1740 1173 1964 1236 κόλπον
2006 1187 2148 1236 κτλ.

714 1298 841 1342 ΝΒ.
894 1275 1159 1355 143,1Ο
1221 1284 1338 1341 τῶν
1400 1280 1527 1357 γὰρ
1591 1280 1815 1343 πλοίων
1878 1280 1998 1350 τὰς
2055 1278 2343 1358 εὑρούσας
2409 1276 2623 1350 πόλεις
2687 1278 2809 1348 τας
2871 1279 3034 1356 ἀρχι-

652 1382 973 1455 τεκτονίας
1004 1382 1298 1448 -ἑκοὶλουν
1360 1385 1413 1448 οἱ
1474 1382 1742 1464 πρότεροι
1811 1384 2190 1462 ἐπωνύμους,
2249 1379 2365 1449 οἷον
2413 1384 2554 1456 τοὺς
2603 1388 2704 1447 νῦν
2761 1381 3031 1460 λέμβους

654 1488 1064 1569 Ναξιουργεῖς
1112 1489 1435 1571 ὠνόμαζον.
1489 1489 1557 1553 ἔκ
1602 1495 1707 1554 τοῦ
1761 1491 1952 1556 αὐτοῦ
2004 1491 2063 1556 δὲ
2114 1491 2375 1569 (excidit
2421 1491 2644 1567 τρόπου
2692 1489 2894 1567 Φασὶν
2930 1491 3036 1550 aut

654 1593 869 1660 simile
926 1595 1106 1679 quid)
1155 1590 1307 1659 εἶναι
1359 1594 1462 1658 καὶ
1514 1597 1582 1659 τὸ
1632 1594 2039 1675 Κνιδιουργεῒς
2090 1598 2219 1660 κτὲ.
2267 1595 2627 1660 Difficulter
2673 1596 2724 1659 οἱ
2777 1591 3036 1674 πρότεροι

653 1704 987 1766 nominare
1034 1707 1328 1786 poterant
1374 1701 1515 1774 τοὺς
1561 1708 1661 1767 νῦν
1704 1703 2017 1780 λέμβους,
2067 1703 2177 1768 sed
2216 1703 2670 1790 corrigendum
2709 1703 2856 1773 τοὺς
2906 1700 3036 1778 μὲν

658 1807 960 1886 λέμβους.
1638 1829 1645 1836 ·

747 1935 846 1980 vs·
896 1911 1045 1991 1¹71,
1074 1912 1162 1978 44
1241 1938 1385 1991 αμα
1462 1917 1576 1991 μὲν
1646 1917 1726 1986 ὥς
1799 1915 1955 1979 Χίων
2026 1915 2128 1980 διὰ
2198 1917 2528 1993 μαλακίαν
2599 1911 3040 1996 εὐρυτέραν

658 2019 861 2086 ὄντων.
910 2019 1224 2105 Expectes
1270 2022 1851 2102 εὑρυπρωκτοτέρων.

746 2148 845 2191 vs,
895 2125 1050 2204 219,
1077 2125 1182 2190 38.
1236 2128 1317 2192 Οἱ
1365 2129 1480 2204 μὲν
1527 2128 1745 2192 πολλοι
1794 2125 2033 2202 ταύτην
2079 2124 2486 2203 ἐξέβαλον
2535 2127 2646 2202 την
2695 2125 3035 2205 ἀνάγνωσιν

658 2232 824 2315 (scil.
889 2232 1114 2313 πόλιν),
1179 2229 1251 2296 ι”ν
1306 2231 1339 2315 ᾖ
1392 2233 1778 2312 δηλούμενον,
1839 2236 1942 2297 καὶ
1989 2234 2184 2298 πάλιν
2233 2231 2438 2310 ἥξουσι
2486 2241 2599 2308 τῆς
2648 2234 2879 2314 ειρήνης
2927 2231 3042 2297 δεό-

658 2362 826 2417 μενοι
876 2347 1096 2417 τυχεῖν
1143 2339 1194 2402 οἱ
1235 2339 1753 2418 Λακεδαιμόνιοι,
1797 2340 1903 2405 ἐὰν
1941 2341 2251 2420 ἀσφαλῶς
2295 2339 2667 2419 κατέχωμεν
2711 2340 2820 2408 τὴν
2847 2338 3038 2403 πόλιν.

658 2446 791 2512 ἔστι
856 2445 919 2509 δὲ
992 2445 1359 2525 ἀμφίβολος
1431 2447 1465 2520 ἦ
1540 2445 1835 2525 ἐξήγησις
1907 2443 2142 2524 αὕτη,
2214 2447 2394 2512 ποίαν
2456 2445 2634 2512 πόλιν
2697 2445 3036 2523 βούλεται,

658 2553 912 2631 πότερον
982 2556 1098 2614 τῶν
1170 2550 1670 2629 Λακεδαιμονίων
1744 2555 1776 2627 ἢ
1851 2551 1970 2624 τας
2043 2552 2328 2627 Ἀθήνας.
2400 2551 2552 2616 Sine
2621 2551 3042 2616 controversia

656 2657 1008 2746 legendum
1056 2657 1177 2736 ἐξέ
1195 2673 1234 2721 λ
1252 2683 1295 2721 α
1313 2659 1363 2736 β
1379 2681 1407 2722 ο
1426 2683 1489 2737 ν,
1538 2661 1635 2723 ita
1682 2666 2036 2741 acceperunt
2053 2707 2069 2737 ‚
2119 2666 2188 2722 ut
2233 2681 2439 2722 sensus
2485 2656 2568 2722 sit
2612 2665 2734 2723 cet.
2806 2655 3041 2723 Deinde

656 2787 807 2831 vero
853 2765 1081 2829 haereo
1126 2768 1198 2828 in
1246 2764 1403 2838 αὕτη
1424 2814 1441 2843 ,
1492 2768 1629 2830 sive
1680 2764 2024 2830 delendum
2073 2768 2159 2829 sit
2206 2768 2344 2830 sive
2389 2764 2551 2829 latet
2599 2762 2777 2829 οὕτω.

747 2869 908 2935 Mox
966 2869 1208 2935 ibidem
1254 2868 1298 2933 1.
1351 2869 1436 2935 48
1492 2873 1854 2956 corrigatur
1901 2871 2005 2934 καὶ
2055 2868 2147 2935 ὅτι
2196 2871 2535 2951 ληφθείσης
2585 2870 2784 2944 αὐτῆς
2832 2868 3040 2956 (Pylo)

657 2976 791 3057 περὶ
856 2975 1089 3055 εἰρήνης
1153 2977 1383 3055 πρῶτον
1446 2980 1587 3062 (pro
1639 2981 1885 3056 πρῶτοι)
1950 2975 2428 3054 Λακεδαιμόνιοι
2492 2978 2640 3056 πρὸς
2689 2977 3038 3052 Ἀθηναίους

660 3080 1106 3162 ἐπρέσβευσαν.

746 3210 843 3254 ve.
906 3187 1063 3265 242,
1091 3186 1177 3252 38
1248 3189 1553 3268 I'Ipoeoeoel:
1620 3188 1802 3260 πόλις
1867 3189 2195 3263 Λακωνική
2262 3224 2369 3253 --.
2433 3186 2565 3253 ἔστι
2633 3183 2698 3253 δὲ
2762 3189 2868 3252 καὶ
2932 3196 3042 3262 τῆς

657 3298 954 3368 Ἀττικῆς
1004 3293 1276 3371 ε’πίνειον,
1325 3291 1405 3365 ὥς
1454 3300 1610 3375 Φησι
1662 3294 2036 3368 Θουκυδίδης
2087 3295 2191 3358 καὶ
2244 3291 2598 3374 Φιλόχορος.
2648 3294 2737 3370 μή
2789 3318 2941 3359 ποτε
2985 3294 3046 3358 δὲ

658 3404 781 3481 οὐχ
842 3398 1031 3472 οὕτως
1097 3399 1128 3464 ἔ
1141 3422 1320 3480 χον·
1388 3402 1494 3465 οὐκ
1544 3398 1622 3465 ἂν
1668 3401 1795 3481 γὰρ
1845 3398 2064 3477 ἔλεγεν
2114 3400 2254 3477 ἑξῆς
2306 3401 2514 3480 »οὐδὲν
2562 3400 2712 3479 πρὸς
2763 3403 2936 3477 ἡμᾶς
2983 3400 3045 3463 αἱ

658 3507 995 3587 Πρασιαί.”
1060 3506 1207 3571 Non
1266 3509 1480 3591 potuit
1540 3509 2008 3593 grammaticus
2073 3507 2326 3571 disertis
2371 3507 2853 3572 historicorum·
2882 3510 3053 3571 testi-

657 3616 892 3678 moniis
953 3611 1144 3676 fidem
1208 3613 1528 3698 denegans
1589 3612 1963 3677 contendere
1981 3663 1997 3696 ,
2066 3635 2185 3675 rem
2231 3634 2348 3675 non
2395 3612 2489 3675 ita
2534 3636 2598 3676 se
2644 3614 2894 3691 habere,
2945 3612 3051 3678 sed

659 3726 735 3784 ut
774 3740 853 3783 ex
891 3720 1301 3802 sequentibus
1344 3724 1606 3802 apparet
1626 3766 1640 3792 ,
1685 3721 1953 3804 negavit
1991 3739 2065 3782 ea
2101 3717 2315 3783 valere
2355 3718 2436 3782 ad
2475 3718 2537 3783 h.
2565 3717 2611 3782 1.
2636 3721 3054 3803 interpretan-

659 3826 838 3915 dum.
898 3820 1200 3909 Cogitavi
1248 3823 1326 3888 de
1372 3824 1704 3888 scribendo
1757 3823 1836 3887 δε
1858 3848 1893 3887 κ
1915 3825 2088 3887 τέον
2108 3872 2124 3900 ,
2174 3822 2283 3887 sed
2331 3824 2598 3889 fortasse
2646 3822 2828 3888 aliud
2875 3824 3049 3889 latet.

750 3950 849 3995 νε.
897 3926 1051 4005 252,
1080 3926 1164 3992 44
1215 3927 1399 3992 ὁπότε
1449 3930 1581 4007 περὶ
1631 3932 1896 4001 Ἀθηνῶν
1945 3928 2008 3993 δὲ
2057 3929 2272 4004 λέγει,
2320 3928 2510 4005 μηδὲν
2559 3929 2858 4008 δυσχερὲς
2899 3930 3052 4007 μηδὲ

659 4033 1054 4114 βλάσφημον
1116 4034 1446 4110 ε’πήγαγέν
1496 4057 1593 4111 τι,
1644 4034 1844 4098 ὁποῖον
1891 4034 2026 4115 περὶ
2079 4035 2315 4099 ἐκείνων
2363 4034 2622 4113 Φασὶν
2668 4034 2863 4098 αὐτὸν
2909 4038 3056 4117 εἰρη-

663 4140 851 4206 κέναι.
924 4139 1099 4225 Lege
1161 4140 1409 4221 Φησὶν
1469 4144 1708 4223 (poeta)
1772 4140 1958 4205 αὐτὸν
2021 4145 2133 4218 (sc.
2201 4140 2302 4203 τὸν
2364 4138 2670 4221 Πόλεμον)
2725 4142 3049 4221 εἰρηκέναι.

663 4246 844 4327 Quod
889 4243 1202 4330 vulgatur
1248 4266 1437 4309 sensu
1486 4249 1680 4309 caret.

753 4373 850 4419 vs-
899 4348 1055 4427 259,
1083 4348 1167 4413 13
1216 4350 1245 4413 ὃ
1290 4350 1405 4426 μὲν
1452 4348 1656 4426 δοῖδυξ
1702 4350 2119 4427 Ἀττικὸς,
2161 4350 2188 4413 ὁ
2229 4349 2292 4413 δέ
2331 4349 2747 4428 ἁλετρίβανος
2791 4356 3052 4417 ’Λσια-

664 4458 829 4535 νός,
877 4455 983 4521 καὶ
1030 4454 1412 4532 σκυτοδέψης
1458 4456 1573 4531 μὲν
1618 4455 2031 4533 Ἀττικὸς,
2088 4454 2474 4535 βυρσοδέψης
2524 4455 2586 4520 δὲ
2636 4454 2972 4523 ’Λσιανό
2993 4483 3043 4531 ς.
