3351 5463
1207 409 1293 456 na
1335 410 1487 456 mnu
1532 408 1812 457 nomo.
2571 390 2702 457 245

333 577 736 662 numerisque
795 574 1158 640 remittitur
1218 573 1297 639 ad
1356 574 1594 640 formas
1655 594 1961 660 agrorum
2029 572 2352 640 censuales
2368 622 2386 653 ,
2436 595 2710 660 quarum

335 689 439 750 aut
480 682 680 750 nulla.
709 687 807 747 est
854 682 1199 746 auctoritas
1240 685 1353 745 aut
1389 683 1631 746 incerta
1650 729 1666 759 ,
1705 679 1874 745 unde
1913 679 2092 746 aliud
2130 681 2371 747 vitium
2411 684 2706 768 emergit,

333 791 404 856 de
449 811 574 876 quo
626 788 909 853 diximus
956 789 1163 873 capite
1210 788 1551 872 superiore.
1596 824 1683 835 —
1723 786 2015 852 Finalem
2054 789 2551 853 controversiam
2594 789 2708 874 qui

334 895 516 961 refert
561 897 732 959 inter
778 891 986 959 veluti
1024 895 1438 979 possessorias
1477 895 1755 958 actiones
1783 890 1855 973 ¹),
1898 896 2091 966 errat.
2124 893 2346 957 Potest
2383 893 2710 958 nihilomi-

330 1021 477 1078 nus,
528 1001 688 1064 dum
736 1001 821 1065 sit
868 1000 1081 1064 maius
1128 997 1183 1062 V
1229 998 1469 1083 pedum
1515 1001 1796 1084 spatium
1818 1047 1835 1076 ,
1877 998 1954 1062 de
1988 997 2276 1064 locorum
2316 1001 2707 1084 possessione

328 1106 619 1172 interdici
643 1105 717 1187 ⁹),
765 1126 927 1192 quae
977 1126 1105 1170 non
1152 1110 1251 1170 est
1294 1106 1467 1170 iusta
1514 1103 1746 1170 finium
1785 1107 2246 1183 controversia,
2306 1105 2452 1192 quia
2482 1105 2708 1188 flnaba‘c

328 1212 593 1275 cohaeret
633 1213 707 1274 de
731 1212 1112 1294 proprietate
1152 1211 1587 1274 controversiae
1614 1208 1685 1291 3),
1725 1208 1843 1274 illa
1881 1231 2007 1275 non
2038 1210 2347 1276 cohaeret.
2392 1210 2529 1291 Quo
2555 1231 2706 1276 casu

326 1338 448 1383 non
485 1336 746 1382 mensor
783 1319 1092 1396 mittitur,
1131 1317 1242 1383 sed
1280 1319 1451 1402 ipsos
1489 1316 1851 1403 litigatores
1893 1318 2034 1383 vim
2072 1316 2355 1382 faciundi
2380 1337 2570 1382 causa
2593 1318 2708 1382 cir-

329 1423 487 1488 cuire
527 1423 819 1507 oportebit
857 1430 1037 1487 totum
1054 1424 1352 1509 sanctam,
1394 1426 1708 1508 quatenus
1740 1422 2159 1500 disconvenit,
2178 1423 2349 1486 etita
2373 1425 2707 1508 sponsione

331 1531 499 1599 fidem
560 1529 824 1610 obbiqare
840 1577 856 1607 ,
931 1552 1006 1592 ne
1066 1529 1565 1592 demonstratione
1630 1529 1944 1609 (locorum)
2009 1529 2374 1611 neqliqenter
2450 1531 2704 1616 (facta),

327 1634 476 1701 fides
519 1636 721 1700 sabata
765 1641 1061 1718 appareat
1083 1632 1155 1715 ⁴),
1203 1634 1273 1698 id
1319 1640 1416 1699 est
1464 1637 1720 1720 sponsio
1767 1656 1894 1700 non
1941 1640 2176 1702 teneat.
2239 1636 2444 1717 Quem
2486 1635 2706 1703 locum

326 1741 745 1829 neglexerunt
762 1789 779 1819 ,
843 1761 1003 1826 quos
1066 1738 1362 1806 consului
1409 1739 1485 1804 de
1528 1742 1597 1805 vi
1642 1741 1980 1806 festucaria
2027 1746 2348 1808 auctores:
2398 1743 2608 1808 Bruns
2633 1745 2708 1826 8),

326 1847 680 1935 Kappeyne
704 1847 779 1926 ⁸),
843 1845 1059 1910 Exner
1081 1845 1157 1923 ⁷),
1223 1844 1512 1911 Saleilles
1536 1851 1609 1926 ⁸).
1673 1846 1730 1910 E
1777 1848 2010 1932 quibus
2057 1847 2343 1913 multum
2389 1851 2712 1934 praestitit

328 1957 487 2020 civis
548 1973 732 2019 meus
750 2001 766 2031 ,
834 1973 1038 2037 quum
1101 1951 1340 2018 viderit
1357 1999 1374 2030 ‚
1438 1951 1579 2017 ideo
1634 1973 1714 2017 ex
1763 1958 2076 2018 conventu
2124 1956 2261 2018 vim
2310 1957 2550 2040 requiri
2566 2005 2583 2034 ,
2632 1959 2712 2021 ut

327 2065 571 2126 constet
585 2106 603 2137 ,
668 2058 820 2144 quid
878 2057 1006 2123 loci
1063 2058 1132 2122 in
1187 2057 1608 2122 interdictum
1654 2061 1903 2137 veniat,
1951 2079 2344 2144 quamquam
2387 2063 2458 2125 in
2504 2083 2710 2147 repre-

323 2167 696 2232 hensionem
771 2165 1041 2229 incurrit
1107 2163 1387 2248 Adolphi
1452 2163 1667 2228 Exner
1693 2165 1748 2249 ⁹)
1766 2213 1783 2242 ,
1847 2166 1959 2250 qui
2021 2169 2209 2248 putat
2270 2169 2407 2230 vim
2466 2169 2709 2252 requiri

324 2275 584 2359 propter
645 2271 840 2337 verba
901 2269 1129 2347 edicti,
1192 2269 1362 2354 quod
1424 2283 1547 2355 per·
1574 2291 1663 2334 .se
1706 2272 2116 2356 perspicuum
2166 2276 2262 2336 est
2278 2291 2295 2348 ;
2344 2270 2451 2336 sed
2501 2271 2707 2338 dicere

335 2378 537 2445 voluit
556 2426 573 2456 ,
642 2379 712 2442 ni
771 2375 979 2454 faHor,
1043 2378 1204 2442 civis
1267 2397 1451 2442 meus
1479 2374 1595 2458 ¹⁰):
1666 2379 1880 2460 ipsam
1949 2379 2088 2442 vim
2149 2380 2390 2462 requiri
2450 2383 2710 2464 propter

325 2485 519 2551 verba
563 2482 792 2559 edicti,
826 2482 985 2570 ‘ideo
1032 2487 1252 2548 autem
1296 2485 1365 2546 in
1410 2503 1477 2547 re
1523 2484 1845 2566 praesenti
1890 2482 2277 2560 faciendam,
2326 2489 2403 2548 ut
2445 2488 2708 2562 constet,

328 2589 483 2675 quid
538 2587 665 2654 loci
725 2590 964 2653 veniat.
1024 2588 1311 2653 Eandem
1372 2589 1451 2653 ob
1508 2608 1768 2652 causam
1817 2587 1976 2653 olim
2022 2588 2370 2653 vindicatio
2415 2588 2713 2675 legitima

324 2697 396 2760 in
443 2715 511 2759 re
558 2696 876 2780 praesent-i
922 2694 1367 2781 peragebatur,
1414 2693 1609 2759 donec
1653 2698 1910 2779 praetor
1947 2698 2263 2762 crescente
2301 2697 2712 2783 negotiorum

323 2801 676 2866 forensium
711 2800 973 2865 cumulo
1010 2820 1078 2865 se
1119 2800 1437 2865 subtraxit
1463 2798 1565 2879 11),
1605 2821 1759 2865 nam
1797 2805 2009 2885 partes
2047 2821 2298 2886 quoque
2334 2804 2403 2865 in
2439 2823 2507 2867 re
2539 2824 2714 2887 prae-

326 2908 493 2971 senti
532 2926 761 2971 manus
803 2926 1125 2970 conserere
1165 2905 1510 2971 desuerunt
1540 2904 1636 2985 12).
1677 2904 1810 2971 Nec
1833 2908 2109 2991 pertinet
2132 2906 2212 2971 ad
2235 2906 2710 2986 vindicationis,

325 3132 651 3184 ἀπέδοντο
704 3132 947 3197 χωρίον
999 3132 1412 3187 Ἀλωπεκῆσι.
1464 3131 1686 3190 Ὠνητῆς
1730 3131 2050 3194 Λυσικράτης
2095 3132 2410 3196 Λυσιμάχου
2458 3135 2710 3194 Ἀτηνεός.

326 3214 610 3278 Κεφάλαιον
1053 3250 1063 3261 .
1113 3211 1308 3261 Τούτου
1355 3210 1613 3269 {nareae->5
2054 3214 2092 3278 ).
2145 3215 2311 3263 Potest
2344 3232 2456 3264 sane
2490 3217 2712 3267 dominus

326 3298 533 3359 φανερὸς
577 3292 749 3362 (εἶναι)
794 3299 867 3358 τῷ
919 3293 1058 3344 τέλει
1104 3295 1404 3359 (Theophr.),
1449 3296 1503 3343 id
1550 3297 1621 3343 eet
1667 3296 1989 3345 monumentis
2032 3296 2366 3359 vectigalium,
2413 3299 2522 3353 sed,
2571 3301 2625 3347 ut
2664 3299 2714 3347 id

324 3381 434 3438 fiat,
472 3396 592 3445 opus
626 3382 697 3428 est
732 3378 954 3442 diligenti
991 3377 1299 3442 praediorum
1332 3376 1666 3440 descriptione.
1706 3376 1779 3426 Cf.
1813 3377 1932 3441 Pap.
1969 3377 2114 3427 Taur.
2153 3378 2211 3427 X.

400 3460 454 3524 1)
487 3460 707 3518 haband,
752 3460 1067 3524 Vermoymr.
1108 3458 1292 3523 Klaqen
1324 3475 1372 3523 p.
1409 3458 1523 3507 224.

402 3541 458 3605 2)
492 3543 710 3592 Gromat.
746 3558 793 3606 p.
830 3543 915 3589 44.

402 3622 458 3687 3)
492 3622 711 3674 Gromat.
746 3640 793 3688 p.
829 3621 928 3673 267
962 3622 1042 3684 (=
1067 3638 1108 3672 c.
1145 3622 1174 3672 1
1210 3625 1322 3672 rest.
1358 3623 1413 3672 G.
1447 3621 1535 3670 Th.
1573 3623 1620 3674 2.
1640 3622 1747 3687 26).

398 3704 457 3769 4)
492 3705 711 3754 Gromat.
746 3720 794 3770 p.
829 3704 895 3752 45
930 3718 999 3751 vs.
1032 3704 1133 3753 4-6.

400 3788 451 3845 ὅ)
486 3784 827 3849 Besitzklaqen
861 3784 1044 3848 (1874)
1081 3787 1170 3847 §⁵-

399 3867 454 3928 0)
490 3866 868 3930 Abhandlunqen
905 3866 1088 3929 (1885)
1126 3867 1196 3915 11.
1236 3868 1283 3916 1.

402 3944 458 4011 ’1)
473 3948 676 3997 ‘lt-sehr.
705 3949 792 3997 der
825 3948 1032 3996 Sam-St.
1071 3946 1202 3996 VIII
1239 3944 1436 4011 (1887).
1473 3945 1521 3998 7.

401 4026 460 4094 8)
498 4030 647 4078 Nouo.
682 4029 838 4079 Rene
870 4027 1040 4077 histor.
1080 4027 1198 4076 XVI
1229 4028 1430 4092 (1892).
1476 4062 1481 4067 -

401 4111 459 4175 9)
492 4111 547 4159 L.
564 4110 599 4161 l.
634 4127 681 4175 p.
717 4111 899 4159 186⁸0.

400 4191 489 4255 10)
526 4191 837 4241 Praecavent
871 4190 947 4239 his
980 4190 1136 4241 verbis
1170 4191 1266 4257 (1.1.
1285 4208 1333 4256 p.
1353 4192 1497 4252 150):
1539 4194 1704 4257 ,(Μη
1737 4192 1849 4257 hat)
1881 4194 2108 4245 mischeto
2139 4197 2245 4245 dem
2272 4196 2580 4260 praktisohen
2613 4198 2716 4247 und

334 4273 438 4323 dem
472 4272 783 4323 historischen
822 4272 1016 4322 orande
1047 4289 1109 4323 zu
1139 4272 1548 4325 unterscheiden’&

404 4354 492 4415 11)
529 4353 655 4404 Gall.
688 4352 791 4403 XX.
831 4355 913 4403 10.

405 4436 490 4496 12)
532 4435 743 4486 Profecti
775 4436 945 4486 statim
980 4438 1199 4487 redibant
1232 4441 1341 4503 (pro
1381 4439 1513 4503 Mur.
1554 4441 1618 4491 12
1651 4440 1800 4503 526).
1836 4440 1912 4491 Cf.
1954 4414 2234 4493 etiamnunc·
2266 4442 2366 4493 Cic.
2402 4443 2462 4492 de
2495 4446 2636 4494 Orat.
2673 4444 2717 4494 1.

339 4518 403 4567 10
436 4518 554 4579 541.
