3351 5463
1318 326 1710 375 Ansonxnus.
2575 308 2702 373 135

329 490 488 555 mihi
550 489 815 554 conflare
835 538 851 568 ,
918 510 1167 574 semper
1228 496 1403 554 ratus
1465 492 1569 554 sui
1634 510 1952 575 quemque
1999 497 2329 556 auctorem
2381 494 2704 576 optimum
2775 494 2782 499 ’

326 598 735 680 interpretem
780 616 915 660 esse
952 616 1157 680 neque
1194 598 1497 680 cuiquam
1536 596 1730 660 licere
1770 598 2152 661 coniecturis
2192 599 2426 682 scripta
2464 601 2708 661 tentare

326 705 662 785 antequam
744 704 1044 766 universa
1112 703 1438 785 scriptoris
1510 722 1700 786 opera
1771 700 2148 787 perlegisset
2215 707 2282 767 et
2349 702 2706 788 relegisset.

328 804 607 871 Keckius
625 854 640 883 ,
702 808 945 893 insigni
1006 809 1297 871 acumine
1361 807 1690 892 praeditus
1752 806 1832 870 ad
1882 807 2274 892 corruptelas
2319 808 2710 894 indagandas

326 934 437 977 nec
479 934 620 977 raro
666 910 823 977 locis
868 912 1303 977 laborantibus
1350 918 1571 997 aptam
1616 913 2004 977 medicinam
2051 912 2310 979 afferens
2331 961 2346 991 ,
2385 916 2709 999 integram

329 1018 489 1082 mihi
524 1018 975 1103 suppeditabat
1014 1040 1138 1083 non
1177 1018 1558 1082 tessellatim
1593 1021 2015 1104 compositam
2037 1019 2432 1104 tragoediam
2448 1040 2464 1097 ;
2499 1022 2709 1085 versio

329 1144 467 1187 mea
505 1124 747 1208 prodiit
777 1126 847 1187 in
876 1128 1352 1209 programmate
1381 1122 1726 1210 Gymnasii
1746 1124 2230 1189 Daventriensis
2255 1128 2403 1187 anni
2434 1121 2704 1189 1887-8.

326 1228 514 1292 Brevi
576 1234 779 1314 post,
824 1228 1150 1313 aliquanto
1213 1228 1361 1314 plus
1427 1232 1543 1293 otii
1606 1235 1866 1306 nactus,
1931 1229 2010 1293 ad
2070 1230 2464 1315 Aeschylum
2507 1230 2704 1306 redii,

326 1334 518 1398 simul
569 1341 784 1399 tamen
820 1340 964 1420 post
1004 1338 1521 1421 experimentum
1559 1338 1628 1398 in
1666 1334 1904 1400 Keckii
1943 1336 2424 1421 Agamemnone
2463 1336 2706 1400 factum

322 1440 391 1503 id
448 1446 669 1505 tenens
688 1490 704 1518 ,
771 1441 998 1505 exinde
1059 1442 1224 1505 mihi
1287 1446 1602 1526 quantum
1657 1440 1796 1505 fieri
1847 1446 2059 1525 posset
2103 1440 2584 1525 religiosissime
2632 1440 2709 1505 li-

325 1547 581 1611 brorum
628 1546 821 1610 fidem
867 1567 1001 1611 esse
1048 1547 1529 1611 observandam.
1580 1546 1807 1631 Itaque
1850 1545 2069 1611 Weilii
2109 1545 2384 1611 editione
2425 1545 2708 1611 Teubne-

322 1654 495 1715 riana
533 1650 768 1731 (1884)
810 1673 964 1715 usus
1008 1672 1190 1728 sum,
1238 1673 1441 1735 quum
1482 1651 1747 1736 Septem
1787 1651 2090 1717 adversus
2122 1650 2368 1717 Thebas
2392 1657 2457 1717 et
2480 1653 2708 1717 Persas

322 1763 637 1823 verterem
700 1758 820 1836 (De
871 1756 1029 1823 Gids
1084 1756 1280 1835 1891,
1336 1757 1537 1839 1893)
1586 1763 1667 1823 ⁴et
1715 1760 1954 1823 eximia
2001 1757 2385 1823 Weckleinii
2432 1758 2706 1823 editione

326 1863 574 1942 (Aesch.
628 1862 829 1928 Orest.
879 1862 1169 1928 Teubner
1221 1862 1421 1943 1888)
1484 1884 1689 1948 quum
1755 1862 2162 1948 Ohoephoros
2209 1869 2273 1926 et
2319 1863 2705 1928 Eumenides

325 1971 529 2053 patrio
592 1989 885 2033 sermone
933 1971 1379 2053 exprimerem.
1428 1970 1762 2033 Postremo
1808 1968 1945 2033 loco
1993 1967 2402 2054 Supplicibus
2450 1990 2708 2052 operam

323 2076 554 2139 navavi
574 2122 591 2150 ,
646 2076 891 2140 iterum
954 2071 1174 2139 Weilii
1228 2074 1502 2138 editione
1549 2094 1706 2138 usus
1724 2121 1739 2150 ,
1790 2079 1944 2139 tunc
1993 2073 2256 2139 demum
2273 2121 2289 2150 ,
2341 2095 2543 2158 quum
2591 2076 2709 2139 Ae-

330 2177 536 2264 schyli
600 2178 919 2257 indolem,
983 2185 1189 2244 artem
1254 2184 1320 2244 et
1383 2182 1516 2244 vim
1577 2182 1892 2263 poeticam
1941 2180 2134 2264 probe
2180 2181 2500 2243 novissem
2519 2228 2535 2257 ,
2585 2178 2708 2244 col-

327 2284 473 2347 latis
514 2283 899 2349 Weckleinii
936 2283 1243 2370 (Calvary
1287 2282 1508 2365 1885),
1548 2284 1779 2349 Krusii
1818 2291 1882 2349 et
1921 2284 2286 2348 Oberdickii
2321 2285 2705 2351 editionibus

326 2391 461 2474 ipse
530 2392 766 2454 vitiosa
835 2412 950 2475 pro
1023 2386 1271 2455 v'iribus
1335 2390 1700 2455 emendans.
1764 2390 2008 2455 Deinde
2069 2392 2430 2455 versionem
2492 2410 2704 2455 meam

323 2497 827 2580 Agamemnonis
894 2498 1271 2581 recognovi,
1358 2498 1694 2581 praecipue
1765 2496 1842 2561 ad
1913 2495 2290 2561 Weckleinii
2359 2496 2706 2559 editionem

320 2601 570 2683 (1888),
642 2605 737 2665 ita
798 2602 1059 2686 quidem
1120 2608 1196 2665 ut
1257 2622 1453 2685 quam
1516 2604 1805 2686 proxime
1867 2600 2226 2665 accederem
2287 2600 2365 2664 ad
2427 2622 2499 2665 ea
2546 2622 2740 2685 quae.

316 2708 497 2773 libris
566 2707 803 2772 tradita
874 2712 1117 2784 essent,
1190 2704 1391 2771 simul
1451 2711 1667 2786 tamen
1731 2706 1995 2771 traditas
2054 2704 2361 2771 lectiones
2409 2710 2703 2771 accurate

318 2814 669 2899 ponderans
731 2818 795 2877 et
854 2815 1197 2899 pensitans.
1263 2813 1399 2892 Quo
1460 2815 1764 2878 instituto
1827 2812 2066 2876 iudicio
2125 2814 2342 2876 omnia
2389 2797 2705 2898 corrigere

318 2925 581 2984 conatus
618 2940 798 2996 sum,
842 2939 1001 3003 quae
1042 2917 1481 2982 emendatione
1505 2939 1694 3004 egere
1719 2920 1883 2982 mihi
1907 2918 2277 2983 viderentur
2293 2938 2309 2995 ;
2355 2921 2445 2982 sic
2467 2939 2704 2983 novam

315 3027 449 3091 fere
510 3026 878 3110 tragoediae
939 3027 1370 3090 recensionem
1436 3025 1600 3088 mihi
1660 3027 2044 3108 comparavi.
2109 3023 2353 3088 Eodem
2397 3025 2587 3089 modo
2635 3027 2700 3088 in

316 3129 709 3215 Choephoris
753 3136 817 3194 et
854 3129 1320 3194 Eumenidibus
1361 3134 1647 3194 versatus
1692 3151 1858 3192 sum.
1909 3128 1982 3191 Id
2019 3129 2184 3192 mihi
2224 3150 2700 3213 proposueram,

313 3243 388 3300 ut
458 3241 714 3300 textum
784 3237 1268 3311 constituerem,
1341 3236 1410 3296 in
1486 3255 1609 3318 quo
1681 3233 1774 3297 nil
1843 3233 2170 3317 ambigui,
2236 3233 2414 3296 nulla
2473 3232 2702 3299 lacuna

316 3347 692 3426 superesset.
742 3340 911 3404 Usus
958 3361 1103 3404 sum
1122 3387 1139 3416 ,
1189 3344 1267 3403 ut
1312 3360 1385 3403 eo
1432 3341 1832 3424 pervenirem
1851 3386 1867 3414 ,
1911 3359 2061 3403 cum
2106 3341 2238 3402 mei
2275 3341 2479 3422 ipsius
2497 3387 2513 3415 ,
2555 3345 2700 3404 tum

317 3446 696 3512 Weckleinii
713 3494 729 3522 ,
782 3444 999 3511 Weilii
1018 3493 1033 3522 ,
1082 3444 1475 3522 Hermanni,
1526 3444 1759 3508 Keckii
1776 3493 1793 3521 ,
1843 3442 2117 3508 aliorum
2166 3446 2562 3509 coniecturis.

402 3553 581 3618 Haec
630 3554 856 3632 'censui
916 3573 1050 3616 esse
1112 3551 1615 3636 praemittenda,
1681 3555 1758 3615 ut
1818 3553 1974 3614 viris
2038 3550 2239 3614 doctis
2299 3550 2519 3615 videar
2574 3573 2702 3616 non

314 3661 652 3723 temerario
698 3660 951 3742 impetu
988 3662 1053 3722 et
1094 3657 1291 3721 stulte
1330 3660 1591 3742 ingenio
1631 3657 1948 3721 confidens
1985 3655 2372 3720 medicinam
2410 3641 2699 3721 locorum

315 3768 565 3849 saepius
628 3766 1260 3848 corruptissimorum
1324 3767 1602 3827 tentasse
1620 3811 1635 3839 ,
1717 3763 1825 3826 sed
1887 3763 2230 3847 praeeunte
2295 3765 2446 3826 satis
2505 3762 2700 3850 longa

315 3870 749 3934 meditatione.
822 3867 1035 3932 Simul
1098 3867 1300 3932 velim
1364 3872 1710 3953 agnoscant
1775 3874 1839 3931 et
1900 3870 2234 3952 ignoscant
2294 3888 2397 3931 me
2446 3871 2699 3952 saepius
2823 3911 2828 3916 -

314 3977 696 4040 coniecturis
742 3996 866 4039 non
904 3994 977 4037 ea
1016 3979 1381 4038 assecutum
1420 3994 1556 4037 esse
1606 3994 1767 4057 quae
1813 3972 2169 4059 Aeschylus
2219 3972 2541 4050 debuerit,
2590 3973 2700 4038 sed

314 4102 473 4166 quae
520 4081 794 4146 scribere
842 4083 1141 4165 potuerit.
1192 4078 1334 4143 Tali
1382 4081 1556 4143 enim
1606 4083 1792 4143 textu
1840 4099 2001 4163 opus
2047 4083 2145 4141 est
2192 4079 2252 4141 ei
2297 4080 2409 4162 qui
2454 4083 2700 4163 tragoe-

313 4187 482 4252 diam
553 4188 888 4269 antiquam
956 4186 1181 4271 lingua
1234 4182 1580 4248 vernacula
1642 4184 1902 4248 reddere
1966 4185 2164 4268 cupit.
2231 4182 2354 4261 Qui
2417 4185 2471 4246 si
2533 4183 2698 4248 velit

313 4292 564 4372 ἐπέχειν
641 4290 833 4356 donec
903 4294 1031 4356 viri
1103 4291 1272 4354 docti
1340 4289 1637 4354 meliores
1709 4292 2160 4365 correctioneS,
2193 4288 2695 4352 emendationes

316 4398 685 4462 manifestas
740 4401 805 4460 et
850 4402 1051 4460 certas
1096 4398 1155 4459 ei
1205 4395 1756 4480 suppeditaverint
1776 4443 1790 4472 ,
1839 4396 2077 4458 rustico
2127 4392 2359 4456 similis
2398 4394 2520 4456 erit
2540 4440 2555 4468 ,
2593 4412 2695 4455 ex-
