3351 5463
675 383 810 451 428
1129 406 1213 453 An
1261 404 1461 453 oAssn
1509 368 1719 453 monis
1763 405 2183 465 zomnmotm
2232 406 2587 455 ms‘romss.

675 568 836 633 utile
897 570 1032 633 fore
1094 572 1150 633 si
1210 575 1423 634 tecum
1485 575 1550 634 et
1596 590 1746 633 oum
1794 571 2019 635 ceteris
2065 570 2521 657 Mnemosynes
2565 570 2907 636 lectoribus
2955 570 3061 635 ob·

676 673 1178 739 servatiunculas
1237 696 1413 739 meas
1474 670 2034 741 eommunioarem.
2098 675 2344 755 Quibus
2410 682 2485 740 tu
2546 678 2601 741 si
2646 676 2800 761 quid
2846 675 3059 741 valere

675 780 799 844 tibi
838 781 1228 845 videbuntur
1272 783 1474 845 utaris
1523 801 1788 865 quaeso;
1840 782 1895 845 si
1940 784 2156 847 minus
2173 829 2192 858 ,
2240 781 2493 848 abicias.

766 886 1150 951 Percurrens
1208 887 1424 970 ipsum
1482 884 1725 951 librum
1772 891 1962 950 tuum
2010 889 2369 970 promiscue
2414 885 2585 952 locos
2631 890 2745 951 aut
2788 886 3061 951 Dioneos

674 991 956 1055 tractabo
1027 996 1140 1056 aut
1206 990 1551 1068 ZonareOS‚
1623 993 1733 1056 sed
1802 992 2101 1073 editionis
2172 997 2319 1057 tuae
2387 993 2615 1057 addam
2675 996 3061 1079 paginarum

675 1116 998 1162 numeros.

765 1294 890 1359 Dio
937 1294 968 1359 Ι
1010 1295 1086 1358 fr.
1135 1294 1198 1360 2.
1226 1294 1288 1359 4.
1337 1294 1460 1375 (ed.
1510 1294 1715 1359 BoisS.
1764 1315 1827 1379 p.
1881 1293 1943 1358 4.
1972 1292 2061 1375 3).
2110 1296 2201 1358 Τὸ
2251 1294 2303 1358 δ’
2353 1293 2506 1358 αὐτὸ
2554 1296 2734 1357 τοῦτο
2780 1292 2885 1357 καὶ
2927 1293 3060 1372 περὶ

675 1406 790 1463 τῶν
855 1399 1062 1463 ἄλλων
1126 1407 1242 1463 τῶν
1305 1401 1665 1481 αἱμαγκαίων
1734 1400 2070 1480 ἀρκούντως
2137 1397 2424 1479 ἔχοντες·
2482 1399 2567 1465 τὰ
2614 1400 2727 1476 μὲν
2772 1398 2899 1479 γὰρ
2944 1400 3062 1463 τῶν

681 1505 995 1580 Ῥωμαίων
1061 1505 1276 1571 πάντα
1343 1509 1514 1571 κατὰ
1578 1505 1836 1581 δύναμιν
1900 1506 2213 1584 ἐπέξειμι,
2280 1513 2396 1571 τῶν
2458 1505 2520 1570 δὲ
2582 1506 2653 1579 δὴ
2707 1506 2933 1570 holm-‚v
2978 1506 3063 1568 τὰ

678 1610 993 1691 πρόσφορα
1043 1613 1258 1682 αὐτοῖς
1307 1610 1466 1686 μόνα
1514 1610 1938 1690 γεγράψεται.

768 1715 951 1795 Quod
997 1716 1210 1781 editur
1260 1717 1640 1794 »ἀρκούντως
1692 1714 1984 1795 ἔχοντες”
2035 1722 2411 1801 corruptum
2456 1737 2593 1781 esse
2637 1718 2777 1801 ipse
2822 1736 3061 1781 mones.

597 1894 602 1899 ⁸
674 1820 792 1898 Et,
842 1824 896 1885 si
944 1823 1098 1907 quid
1145 1827 1209 1887 te
1248 1825 1436 1901 novi,
1477 1822 1756 1888 Bekkeri
1797 1820 2139 1907 Grosiique
2176 1824 2574 1887 coniecturae
2614 1816 2762 1902 (ἕξει
2781 1870 2798 1899 ,
2841 1820 3061 1900 ἐχέτω,

678 1925 839 2006 ἔχει)
905 1949 976 1993 60
1042 1935 1299 1993 tantum
1359 1932 1617 1994 nomine
1682 1930 1801 1993 tibi
1864 1927 2247 2013 diplieebant
2310 1929 2478 2012 quod
2522 1948 2649 1991 non
2696 1930 2851 1992 satis
2897 1925 3061 1991 lenis

674 2032 796 2095 tibi
843 2033 1184 2099 videbatur
1229 2036 1526 2100 mutatio.
1577 2033 1744 2113 Quid
1792 2036 1847 2097 si
1892 2033 2125 2099 adicias
2172 2038 2314 2118 post
2362 2045 2437 2096 ἒσ
2481 2031 2803 2097 litterulas
2848 2046 2914 2095 ἣ
2960 2030 3066 2098 vel

673 2148 816 2217 ῆῖι,
868 2160 1028 2225 quae
1076 2145 1334 2225 propter
1383 2141 1713 2224 sequentia
1751 2138 1836 2203 τὰ
1877 2139 1988 2214 μὲν
2029 2137 2216 2203 facile
2255 2138 2541 2203 excidere
2578 2143 2962 2222 potuerunt,
3004 2142 3069 2201 et

671 2249 764 2311 ita
798 2246 1019 2310 locum
1058 2247 1337 2331 corrigas
1375 2250 1450 2309 ut
1487 2244 1777 2331 legatur:
1822 2243 2204 2323 „ozpaeodvmq
2242 2241 2272 2307 ἔ
2284 2266 2428 2322 χον
2468 2240 2739 2307 ἐστί”ἳ
2778 2242 3063 2307 Habebit

674 2354 847 2417 enim
895 2372 968 2415 ea
1008 2353 1362 2416 mutatione
1400 2352 1716 2416 sententia
1752 2338 2185 2414 imitationem
2225 2349 2541 2434 quandam
2582 2351 2813 2413 atticae
2852 2347 3071 2412 dictio-

677 2460 813 2535 nis;
878 2458 1105 2522 sectari
1165 2461 1384 2521 autem
1445 2454 1882 2541 Aeschyleum
1926 2455 2094 2521 illud
2143 2436 2536 2535 ,προσαυδᾶν
2585 2454 2636 2518 δ’
2684 2452 2816 2518 ἔστ’
2868 2454 3065 2531 ἄνωγ-

676 2565 866 2635 καίως
916 2560 1103 2643 ἔχον”
1155 2562 1440 2644 (Choeph.
1492 2560 1651 2641 239)
1716 2561 1823 2627 vel
1882 2560 2293 2626 Platonicum
2342 2556 2617 2639 ,,οὕτως”
2667 2562 2805 2627 sive
2856 2562 3065 2630 καλῶς

676 2670 880 2754 ἔχοντ’
931 2666 1138 2734 ἐστὶν”
1187 2690 1224 2734 a
1271 2667 1475 2734 Dione
1521 2688 1648 2734 non
1696 2667 1978 2734 alienum
2026 2669 2303 2735 videtur.

766 2893 888 2957 Dio
950 2891 982 2956 I
1043 2892 1120 2956 fr.
1190 2890 1251 2957 5.
1281 2891 1320 2957 6
1370 2896 1458 2977 (p.
1511 2890 1573 2956 9.
1605 2890 1708 2973 4):
1776 2891 1905 2971 „Tl
1953 2895 2199 2969 ταῦτα,
2250 2889 2493 2971 ἄνδρας
2545 2888 2733 2972 μέχρι
2782 2894 2897 2955 ποῦ
2947 2914 3069 2967 μα·

674 3000 924 3077 zeh-0⁵3
975 2997 1166 3078 μέχρι
1214 3002 1329 3061 ποῦ
1380 3001 1677 3074 μισήσετε
1728 2997 2127 3075 ἀλλήλους;”

767 3103 1084 3183 Quoniam
1123 3106 1394 3168 minima
1435 3125 1686 3189 quoque
1725 3107 1794 3168 in
1831 3104 2036 3169 Dione
2075 3109 2189 3168 tuo
2229 3104 2351 3168 tibi
2382 3103 2555 3168 cordi
2587 3109 2766 3180 sunt,
2800 3106 3037 3187 ‚reputa
3053 3151 3067 3178 ,

676 3231 908 3296 quaeso
928 3259 943 3286 ‚
1013 3231 1270 3275 mecum
1333 3232 1538 3276 nonne
1597 3210 1785 3290 μέχρι
1854 3216 1969 3275 ποῦ
2029 3207 2406 3274 insolentius
2451 3208 2697 3284 dietum
2746 3208 3067 3273 videatur.

675 3315 935 3382 Solebat
993 3319 1166 3382 enim
1185 3365 1202 3395 ,
1264 3319 1333 3380 ni
1399 3315 1604 3394 fallor,
1671 3318 1969 3401 quotiens
2031 3337 2182 3380 oum
2246 3315 2543 3380 adverbio
2589 3312 2713 3378 looi
2761 3312 2830 3376 τὸ
2879 3313 3067 3392 μέχρι

676 3424 1204 3514 coniungebatur,
1256 3421 1421 3488 adici
1468 3431 1576 3487 ποῖ
1618 3419 1750 3490 ὅποι
1804 3422 2005 3503 δεῦρο,
2058 3443 2183 3487 non
2232 3426 2345 3485 ποῦ
2384 3419 2491 3486 vel
2531 3415 2699 3484 ὅπου.
2750 3419 2837 3484 At
2875 3422 3073 3486 sicuti

673 3533 904 3594 notum
961 3527 1129 3591 illud
1193 3525 1432 3594 Gallini
1495 3526 1761 3606 ,,μέχρις
1824 3532 1933 3591 τεῦ
1999 3525 2411 3592 κατάκεισθε”
2479 3547 2629 3590 oum
2685 3518 3069 3609 pronomine

675 3640 1088 3701 coniunctum
1155 3635 1348 3698 habet
1417 3635 1484 3699 τὸ
1557 3634 1781 3715 μέχρις
1800 3683 1817 3713 ,
1889 3637 1981 3699 ita
2052 3634 2221 3719 apud
2290 3633 2574 3710 Atticos,
2644 3629 3068 3718 Thucydiden

676 3742 1011 3806 Platonem
1082 3745 1320 3805 ceteros
1339 3787 1356 3818 ,
1429 3740 1946 3824 frequentissima
2016 3745 2164 3805 sunt
2233 3737 2422 3820 μέχρι
2492 3737 2797 3814 τοσούτου,
2871 3738 3066 3817 μέχρι

675 3848 884 3923 τοῦδε,
932 3844 1118 3925 μέχρι
1169 3841 1270 3924 οὗ,
1323 3844 1511 3926 μέχρι
1562 3851 1689 3912 τοῦ.
1741 3846 1944 3925 Quare
1993 3846 2357 3931 putaverim
2401 3843 2593 3908 Dioni
2639 3863 2891 3928 quoque
2929 3843 3069 3907 red·

677 3951 956 4017 dendum
1001 3973 1136 4017 esse
1184 3950 1373 4032 μέχρι
1424 3955 1583 4019 τοῦ.

764 4167 887 4232 Dio
933 4167 965 4232 I
1011 4169 1086 4233 fr.
1140 4166 1201 4234 5.
1235 4167 1272 4234 ’7
1323 4175 1410 4254 (Ρ.
1463 4169 1522 4235 9.
1555 4169 1666 4251 1¹7)
1730 4169 1834 4234 xx)
1901 4170 1962 4240 ἐς
2010 4169 2235 4247 λόγους
2285 4171 2480 4235 αὐτοῦ
2535 4166 2734 4250 ὥσπερ
2783 4162 2950 4249 εἶχον
2998 4171 3060 4235 ἐν

678 4273 760 4352 τῷ
810 4274 1060 4353 noun-icy
1110 4274 1186 4337 δι’
1235 4276 1386 4339 αὐτὸ
1436 4281 1614 4340 τοῦτο
1663 4276 1944 4349 κληθέντι
1994 4278 2320 4342 συνελθεῖν.

767 4376 1020 4441 Dubius
1062 4378 1291 4443 haereo
1337 4382 1403 4442 in
1447 4380 1566 4445 hoo
1609 4379 1770 4446 loeo.
1816 4379 2119 4466 Intellegi
2166 4403 2313 4447 sane
2352 4387 2620 4467 possunt
2654 4380 2829 4448 facili
2867 4381 3061 4448 modo

677 4503 838 4571 quae
905 4488 1240 4546 narrantur
1253 4503 1271 4560 3
1345 4490 1628 4550 attamen
1699 4487 1889 4552 verba
1958 4483 2157 4569 ὥσπερ
2227 4485 2396 4570 εἶχον
2454 4491 2623 4554 inter
2681 4477 3061 4556 adverbium
