3351 5463
1212 357 1708 409 Amsrornmns.
2525 337 2654 407 337

278 528 457 605 χοροῦ
498 517 654 588 εἶναι
695 522 780 588 τὰ
822 527 1035 602 πρῶτα
1054 568 1073 602 ,
1119 522 1290 607 quod
1326 521 1612 589 scholion
1646 523 2038 590 Rutherford
2074 526 2412 591 manifesto
2452 545 2657 590 errore
2685 524 2691 528 ’

278 631 474 694 traxit
534 627 617 694 ad
679 649 775 694 vs.
827 626 979 695 377.
1043 628 1213 698 Nam
1272 628 1614 694 scholiasta
1660 629 1820 694 dicit
1868 631 2316 695 Aristarchum
2362 650 2396 694 e
2443 629 2657 696 verbis

278 740 497 820 poetae
550 735 737 814 χώρει
784 738 885 798 νῦν
936 737 1066 806 πᾶς
1084 783 1101 812 ,
1150 757 1342 798 omnes
1386 757 1543 798 nune
1574 736 1890 816 procedite
1935 736 2032 816 (id
2079 740 2176 800 est
2211 737 2654 818 procedamus),

279 839 546 906 effecisse
601 821 1039 926 praecedentia
1084 862 1203 904 non
1248 841 1321 903 ab
1366 840 1629 904 omnibus
1677 841 1875 907 fuisse
1919 840 2191 926 prolata.
2239 840 2383 906 Non
2437 862 2657 906 nume-

278 967 424 1011 rum
480 948 692 1030 igitur
751 945 1149 1032 singularem
1208 948 1745 1031 imperativorum
1805 946 1987 1026 χώρει
2036 967 2132 1013 vs.
2185 944 2316 1013 372
2363 953 2428 1012 et
2474 947 2652 1025 ἔμβα

278 1073 370 1118 νε.
421 1049 554 1118 377
618 1051 944 1137 spectabat
1001 1051 1355 1116 Aristarchi
1417 1051 1775 1117 observatio
1791 1100 1808 1129 ,
1873 1073 2149 1137 quorum
2210 1055 2265 1118 si
2327 1053 2658 1118 habuisset

280 1160 626 1236 rationem,
688 1157 835 1222 inde
896 1156 1201 1222 effecisset
1261 1159 1479 1242 potius
1526 1158 1682 1223 haec
1730 1177 1982 1243 quoque
2028 1181 2152 1224 non
2197 1179 2235 1223 a
2282 1162 2418 1223 toto
2466 1160 2655 1224 choro

278 1264 544 1348 proferri
560 1284 578 1342 3
645 1263 755 1328 sed
815 1262 1109 1329 additum
1169 1262 1560 1329 adiectivum
1622 1268 1754 1335 πῶς
1800 1284 1898 1330 vs.
1951 1257 2082 1331 3⁷72
2131 1284 2282 1330 eum
2327 1266 2534 1330 movit
2578 1269 2656 1329 ut

280 1367 503 1432 armabis
571 1369 727 1434 haec
799 1367 1107 1434 tribueret
1124 1415 1140 1446 ‚
1213 1369 1655 1453 praecedentia
1723 1375 1943 1435 autem
2011 1392 2139 1435 non
2210 1370 2287 1435 ab
2359 1370 2656 1436 omnibus

282 1478 527 1540 cantata
573 1493 710 1539 esse
757 1477 1087 1538 statueret.

366 1577 747 1647 Conferatur
790 1585 1113 1665 praeterea
1158 1579 1445 1644 scholion
1488 1581 1567 1645 ad
1612 1602 1710 1647 vs.
1761 1578 1925 1645 440:
1979 1568 2268 1668 δύνανται
2319 1580 2552 1653 πάντες
2601 1583 2653 1645 οἱ

281 1686 449 1750 κατὰ
510 1687 616 1750 τὸν
675 1684 855 1766 χορὸν
919 1686 1218 1760 ἀλλήλοις
1282 1686 1856 1764 παρακελεύεσθαι,
1920 1687 2027 1750 καὶ
2075 1691 2163 1763 μὴ
2211 1689 2298 1756 εἰς
2342 1689 2656 1766 ἀμοιβαῖα

282 1791 672 1870 διαιρεῖσθαι,
744 1791 920 1856 ἀλλὰ
991 1793 1169 1855 τοῦτο
1239 1791 1326 1862 εἰς
1395 1790 1562 1855 οὐδὲν
1632 1791 1914 1870 Φαίνοντα
1987 1789 2064 1856 ἂν
2134 1792 2658 1870 οἶκονομούμενος,

283 1897 511 1981 quibus
555 1896 771 1961 verbis
816 1895 1186 1962 Aristarcho
1232 1895 1661 1981 adstipulatur
1707 1895 1874 1962 alius
1913 1899 2378 1983 grammaticus
2414 1918 2451 1962 a
2491 1918 2664 1982 prae-

282 2001 528 2067 cedenti
576 2000 965 2087 discrepans:
1020 2000 1198 2079 „fieri
1245 2021 1394 2066 sane
1438 2022 1619 2088 posse
1665 2007 1740 2065 ut
1787 2008 2164 2068 cunctorum
2207 2002 2659 2067 choreutarum

290 2127 396 2184 „se
456 2108 741 2172 invicem
803 2107 1309 2171 cohortantium.
1335 2107 1489 2171 haec
1548 2108 1680 2171 sint
1724 2107 1920 2172 verba
1936 2156 1953 2185 ,
2001 2111 2216 2192 aptius
2262 2113 2476 2172 tamen
2525 2127 2658 2172 esse

287 2211 532 2290 „multo
574 2214 630 2276 si
669 2232 779 2296 per
818 2215 1290 2297 responsionem
1329 2213 1501 2277 hunc
1529 2212 1748 2278 locum
1780 2213 2045 2298 proferri
2069 2218 2245 2294 (cum
2268 2213 2632 2278 Aristarcho
2635 2230 2659 2293 >

286 2319 611 2396 „sumas.’'

368 2423 779 2488 Aristarchus
838 2425 1045 2509 igitur
1105 2425 1231 2488 nisi
1276 2422 1461 2489 fallor
1507 2423 1804 2488 docuerat
1851 2427 2220 2509 anapaestos
2268 2445 2394 2489 non
2437 2443 2475 2488 a
2520 2428 2658 2488 toto

284 2529 468 2594 choro
515 2549 653 2594 esse
701 2527 983 2614 prolatos
1009 2530 1134 2594 -sed
1184 2550 1220 2594 a
1264 2529 1398 2594 solo
1444 2530 1800 2616 coryphaeo
1847 2529 2157 2609 πρόρρησιν
2204 2529 2479 2594 daduchi
2516 2531 2662 2593 imi-

280 2637 411 2698 tato
429 2682 446 2711 ‚
521 2634 670 2698 dein
732 2635 998 2699 chorum
1058 2638 1273 2699 totum
1336 2627 1425 2698 ei'
1455 2635 1848 2720 respondisse
1865 2682 1882 2711 ,
1945 2655 2101 2699 mox
2159 2635 2459 2700 bifariam
2523 2654 2658 2698 esse

284 2738 587 2806 divisum.
662 2739 993 2805 Scholium
1054 2744 1274 2805 autem
1332 2745 1625 2805 nostrum
1687 2743 1780 2805 ita
1840 2741 2311 2805 restituendum
2371 2740 2657 2806 videtur:

290 2842 702 2925 Ἀρίσταρχος
768 2846 921 2909 ἀπὸ
984 2844 1213 2910 τούτων
1278 2845 1453 2922 λέγει
1521 2846 1621 2910 τὸν
1685 2845 1863 2924 χορὸν
1911 2846 2274 2925 μεμερίσθαι
2327 2848 2412 2917 εἰς
2461 2845 2656 2924 μέρη

287 2948 414 3014 δύο
462 2956 581 3031 (ᾗ),
632 2950 814 3029 (καὶ
865 2949 996 3014 τὸν
1044 2950 1189 3028 μὲν
1236 2957 1685 3030 κορυφαῖον
1731 2950 2011 3029 λέγειν
2059 2952 2209 3025 τὰ)
2247 2950 2656 3027 ἀνάπαιστα,
2728 2948 2731 2951 ’

285 3054 457 3121 ἄλλα
522 3054 584 3119 δὲ
648 3055 1025 3133 ἀμείβεσθαι
1089 3058 1192 3121 τὸν
1251 3056 1429 3135 χορόν
1496 3058 1623 3121 κτὲ.
1691 3094 1776 3106 -
1805 3094 1890 3107 -
1961 3061 2295 3138 πολλαχοῦ
2360 3058 2422 3121 δὲ
2470 3055 2661 3132 μεμέ-

286 3184 555 3239 ρισται
608 3160 713 3225 καὶ
763 3162 849 3232 εἰς
897 3160 1168 3240 διχορίαν
1216 3160 1285 3224 τὸ
1335 3163 1545 3226 λοιπὸν
1593 3162 1722 3225 xrs.
2334 3158 2340 3163 ’

373 3375 473 3440 Ad
521 3394 616 3441 VS.
668 3373 800 3439 384
825 3394 958 3459 sqq.
1012 3375 1326 3455 Δήμητερ,
1378 3374 1581 3453 ἁγνῶν
1625 3374 1838 3454 ὀργίων

1008 3479 1297 3560 ἄνασσα,
1346 3478 1871 3559 συμπαραστάτει
1918 3481 2049 3544 κτὲ.

289 3589 353 3651 in
411 3585 467 3651 V
533 3589 862 3673 appictum
932 3591 1030 3653 est
1099 3586 1387 3653 scholion
1453 3587 1828 3651 metricum:
1910 3584 2168 3663 δίμετρα
2233 3582 2659 3655 &nardinum

288 3692 583 3770 ἶαμβικοὶ.
656 3690 816 3759 ἄλλο
878 3690 988 3765 ἕως
1049 3695 1153 3758 τὸ·
1223 3692 1362 3771 »τίς
1426 3691 1544 3763 σὰς
1609 3691 1891 3770 παρήειρε
1954 3688 2252 3771 φρένας”.
2326 3687 2556 3765 scioli,
2623 3709 2660 3753 a

288 3797 514 3882 quibus
560 3798 802 3864 codices
839 3800 1222 3864 recentiores
1259 3802 1409 3863 sunt
1451 3797 1785 3882 descripti,
1826 3796 1947 3861 hoc
1989 3795 2397 3862 emendantes
2421 3792 2662 3859 scilicet

290 3904 676 3987 scripserunt
735 3899 844 3975 ἕως
910 3908 1042 3968 τοῦ
1098 3903 1194 3975 τίς
1258 3902 1378 3974 σὰς
1426 3926 1495 3966 π.
1543 3908 1674 3983 φρ.,
1734 3904 1972 3967 omissa
2016 3920 2170 3966 voce
2219 3898 2414 3978 ἄλλο,
2461 3902 2665 3983 impo-

292 4013 557 4073 suerunt
616 4012 834 4073 autem
895 4007 1222 4073 Dindorfio
1240 4055 1258 4085 ‚
1324 4010 1435 4093 qui
1478 4009 1840 4072 annotavit:
1894 4004 2256 4092 „significat
2301 4005 2404 4069 his
2452 4004 2661 4069 verbis

294 4112 645 4191 „librarius
688 4112 973 4179 scholion
1020 4114 1341 4198 quoddam
1389 4134 1523 4178 esse
1567 4112 2050 4177 describendum
2094 4130 2296 4195 usque
2344 4111 2423 4175 ad
2469 4109 2662 4176 verba

293 4220 428 4295 „ric
500 4220 617 4289 σὰς
686 4219 1006 4298 παρῆειρεν
1074 4219 1339 4298 φρένας,
1413 4220 1525 4302 qui
1590 4216 1962 4281 Archilochi
2040 4236 2264 4281 versus
2335 4221 2430 4281 est
2491 4216 2662 4299 apud

295 4323 789 4409 „Hephaestion.
817 4346 879 4409 p.
910 4322 1104 4389 129”.
1138 4323 1288 4389 Noli
1310 4323 1590 4400 credere3
1630 4342 1803 4387 error
1827 4341 2071 4386 novum
2094 4342 2367 4387 errorem
2393 4323 2661 4408 peperit,

290 4451 413 4495 non
477 4432 649 4495 enim
707 4432 773 4495 τὸ
838 4434 1213 4516 corruptum
1279 4435 1416 4495 erat
1475 4427 1585 4494 sed
1644 4422 1774 4499 ἕως.
1833 4426 2082 4493 Scribe:
2150 4426 2380 4501 ἄλλως·
2447 4431 2526 4499 ὡς
2591 4426 2662 4491 τὸ
