3351 5463
1178 390 1513 435 mmmmm
1558 391 1624 436 m
1670 391 1846 436 -umn
2055 445 2064 451 ⁴
2573 372 2704 436 263

316 576 445 617 σπῆι
504 553 750 640 ahquid
808 550 988 616 huius
1052 553 1305 616 diuinae
1368 552 1734 636 disciplinae
1793 554 2055 632 molitur,
2106 557 2346 618 ostende
2392 577 2520 618 σπῆι
2567 557 2705 619 deos

316 659 563 722 inuocat
576 686 606 735 ,⁰
674 666 829 722 certe
899 681 1025 722 σπῆι
1096 649 1469 744 reformatur
1535 661 1793 723 uideam.
1877 661 2261 745 quormatio
2328 659 2699 745 Pamphiles

314 763 529 829 multo
587 766 800 850 magis
845 765 1090 828 mirum
1139 769 1272 828 erat
1322 764 1758 847 spectaculum
1807 785 2003 848 quam
2047 765 2350 829 inuocatio
2397 765 2698 843 deorum3

312 872 372 933 si
414 871 626 954 igitur
670 876 824 933 certe
869 868 1059 934 solito
1107 889 1327 946 sensu,
1375 871 1419 932 i.
1449 890 1501 933 e.
1541 898 1624 923 =
1660 870 1872 932 saltem
1891 917 1908 948 ‚
1957 873 2271 934 dumtaxat
2309 874 2664 957 ceperimus
2683 918 2700 948 ,

310 974 555 1038 Lucius
604 975 801 1040 dicet:
852 974 1109 1040 ostende
1154 975 1321 1038 mihi
1366 974 1805 1059 spectaculum
1845 979 2002 1040 satis
2041 980 2397 1054 curiosum,
2442 975 2701 1041 ostende

310 1080 653 1144 dumtaxat
729 1079 1166 1165 spectaculum
1237 1079 1902 1145 mirificentissimum.
1985 1081 2169 1147 Hanc
2239 1081 2700 1147 absurditatem

310 1187 671 1250 uitabimus
728 1185 1087 1249 scribendo:
1158 1207 1283 1248 σπῆι
1347 1187 1483 1248 deos
1546 1185 1825 1263 inuocat,
1877 1185 2082 1262 (uel)
2132 1195 2287 1250 certe
2333 1211 2458 1250 σπῆι
2506 1191 2703 1274 refor-

306 1298 528 1354 matur.
595 1288 897 1355 Ceterum
968 1293 1349 1355 uniuersum
1418 1289 1635 1354 locum
1707 1293 1797 1356 sic
1863 1294 2334 1379 rescripserim:
2406 1295 2704 1357 dominam

310 1404 479 1460 tuam
540 1418 668 1458 σπῆι
730 1395 975 1480 abiquid
1015 1396 1196 1458 huius
1245 1395 1497 1458 diuinae
1544 1396 1909 1478 disciplinae
1954 1397 2201 1460 molitur
2249 1401 2490 1462 ostende
2536 1397 2700 1478 (et)

308 1524 443 1564 σπῆι
509 1504 647 1565 deos
718 1501 995 1578 inuocat,
1070 1500 1274 1578 <uel>
1318 1508 1494 1564 certe
1556 1524 1685 1564 σπῆι
1751 1503 2118 1587 reformatur
2184 1503 2378 1582 (fac)
2442 1503 2700 1569 uideam.

310 1619 357 1685 <
364 1607 499 1683 Et>
543 1609 771 1670 inserit
818 1607 1014 1671 codex
1061 1605 1389 1671 Leidensis
1436 1607 1542 1686 (δ).

402 1711 500 1776 Ne
563 1714 776 1796 priore
840 1711 1100 1796 quidem
1162 1711 1299 1777 loco
1355 1712 1551 1777 citata
1596 1713 1791 1777 uerba
1837 1714 2142 1778 videntur
2185 1715 2438 1799 integra
2486 1719 2551 1778 et
2596 1736 2701 1779 me

304 1815 523 1880 iudice
560 1819 654 1880 ita
679 1821 867 1880 erunt
908 1817 1264 1882 scribenda:
1310 1819 1409 1894 „si
1444 1816 1765 1901 praelium
1789 1821 2219 1902 capessiturus
2242 1817 2351 1883 uel
2373 1817 2700 1882 latronum

306 1921 655 1986 factionem
716 1928 1166 2006 persecuturus
1222 1921 1405 1986 utilis
1464 1943 1659 1987 necne
1720 1944 2050 2008 processus
2098 1926 2546 2001 sciscitaretur,
2596 1922 2701 1989 ad-

308 2027 545 2090 dictam
590 2029 929 2091 uictoriam
975 2029 1161 2091 sorti-5
1208 2029 1539 2112 praesagio
1584 2028 2077 2106 contendebant,
2128 2031 2362 2114 quippe
2422 2031 2698 2094 ceruices

304 2133 595 2196 hostium
632 2135 793 2218 iugo
834 2134 1153 2201 subactum
1190 2133 1276 2196 iri
1318 2133 1447 2217 (uel
1482 2133 1860 2212 subactuiri)
1899 2140 1962 2198 et
2000 2133 2302 2217 praedam
2340 2133 2415 2198 de
2454 2137 2695 2219 rapinis

300 2236 704 2304 uberrimam
752 2238 1272 2322 fructuosamque
1320 2245 1560 2322 captum
1606 2239 1694 2302 iri
1739 2239 1868 2318 (πεί
1912 2239 2226 2324 captuiri).

1002 2877 1367 2936 sumemus,
1414 2877 1499 2923 DE
1545 2878 1677 2924 VIR.
1725 2874 2013 2924 ILLUS'I'R.

403 3109 763 3175 Suetonius·
829 3109 905 3173 de
967 3110 1126 3173 uiris
1188 3107 1426 3172 illustr.
1492 3107 1615 3188 (ed.
1663 3107 2055 3188 Reiffersch.)
2117 3128 2181 3191 p.
2235 3104 2384 3170 135.
2435 3104 2692 3190 §loen

320 3215 385 3278 V
372 3215 614 3295 ulqares
676 3212 848 3278 notas
906 3214 1145 3277 Ennius
1190 3214 1430 3295 primus
1493 3213 1662 3276 mille
1723 3221 1782 3277 et
1843 3221 2070 3277 centum
2116 3211 2372 3274 inuenit.
2424 3217 2698 3273 notarum

303 3342 453 3383 usuc
514 3327 672 3397 erat,
738 3326 807 3383 ut
869 3317 1167 3403 quidquid
1212 3341 1333 3400 pro
1398 3318 1669 3382 contione
1717 3326 1824 3381 aut
1870 3318 1940 3381 in
1984 3316 2235 3380 iudiciis
2283 3316 2582 3379 diceretur
2627 3315 2706 3377 li-

309 3423 509 3487 brarii
551 3423 875 3487 scriberent
923 3421 1231 3508 (plures)
1276 3424 1456 3488 simul
1505 3431 1770 3486 astantes
1788 3470 1804 3499 ‚
1847 3422 2068 3485 dduisis
2106 3422 2266 3484 inter
2303 3442 2366 3483 se
2392 3420 2697 3502 partibus,

306 3535 455 3613 quot
502 3529 749 3613 quisque
793 3530 974 3591 uerba
1020 3535 1077 3591 et
1122 3550 1233 3613 quo
1286 3528 1498 3591 ordine
1545 3530 1861 3609 exasperet.
1911 3526 2312 3593 Vocabulum
2360 3525 2697 3610 (plures),

307 3636 739 3697 necessarium
811 3635 1159 3697 sententiae
1231 3632 1755 3717 supplementum
1814 3636 1884 3696 in
1943 3632 2126 3697 libris
2189 3632 2444 3715 scriptis
2505 3637 2571 3695 et
2630 3631 2700 3693 in

307 3737 705 3803 editionibus
753 3736 1163 3802 desideratur.
