3351 5463
608 390 737 455 142
1596 402 1986 452 msomus.

603 575 873 638 miserae
934 591 1189 647 servae,
1255 590 1416 655 quae
1474 588 1541 633 se
1603 567 1854 631 facilem
1915 566 2172 631 caedem
2193 615 2208 644 ,
2256 566 2458 631 vilem
2504 566 2805 651 praedam
2851 586 2988 631 esse

604 680 1017 745 vehementer
1083 675 1289 760 luget.
1361 674 1503 739 Hoc
1562 676 1771 759 igitur
1831 676 1890 737 ei
1946 676 2014 736 in
2077 674 2314 756 optatis
2374 677 2504 749 est,
2569 679 2646 736 ut
2685 672 2989 737 similiter

604 786 853 848 inimici
898 785 999 846 sui
1044 784 1352 856 inermes,
1416 783 1591 843 omni
1638 778 1882 843 auxilio
1931 786 2212 843 carentes
2231 826 2248 855 ,
2300 778 2467 841 nihil
2515 780 2592 843 de
2637 778 2990 843 resistendo

603 892 957 974 cogitantes
977 935 992 964 ,
1046 886 1188 963 dolo
1235 892 1494 970 pereant
1543 890 1607 949 et
1656 888 1960 949 victimae
2009 883 2224 947 faciles
2243 933 2258 960 ,
2305 884 2565 967 perinde
2612 890 2801 969 atque
2847 887 2992 968 ipsa

605 993 922 1061 Casandra
940 1041 955 1069 ,
1008 993 1173 1056 ferro
1222 990 1452 1055 ultoris
1501 990 1939 1053 succumbant.
1989 989 2172 1053 Hanc
2219 992 2598 1053 sententiam
2618 1037 2632 1065 ‚
2683 991 2986 1065 breviter,

601 1099 1003 1185 paucissimis
1051 1096 1262 1161 verbis
1310 1095 1547 1159 editam
1567 1143 1582 1172 ,
1629 1094 1826 1159 latere
1870 1097 1942 1156 in
1979 1094 2191 1159 verbis
2231 1096 2579 1179 corruptis,
2620 1098 2732 1160 vix
2773 1099 2992 1178 potest

605 1205 905 1269 dubitari.

693 1309 899 1375 Verba
968 1316 1093 1379 τοῖς
1169 1308 1336 1381 ἐμοῖς
1358 1354 1373 1383 ,
1442 1309 1510 1369 in
1571 1308 1762 1370 tertio
1829 1325 2052 1382 versu,
2119 1306 2540 1391 expungenda
2603 1324 2738 1370 esse
2802 1304 2990 1369 facile

604 1417 1018 1501 perspicitur;
1091 1412 1489 1497 negligentia
1550 1411 1796 1475 librarii
1864 1432 1898 1474 e
1960 1431 2147 1475 versu
2211 1411 2619 1496 praecedente
2681 1414 2952 1495 repetita
2970 1458 2989 1487 ‚

603 1521 902 1607 legitima
969 1518 1164 1583 verba
1226 1515 1547 1602 expulisse
1608 1516 1914 1580 videntur
1930 1535 1946 1592 ;
2015 1515 2214 1580 simul
2277 1523 2537 1600 apparet
2601 1515 2992 1581 vocabulum

608 1627 758 1701 ὁμοῦ
806 1644 955 1688 cum
1000 1643 1195 1687 versu
1240 1626 1541 1705 sequente
1589 1625 1734 1703 apte
1779 1623 1969 1705 iungi
2013 1642 2138 1684 non
2187 1641 2368 1705 posse
2415 1627 2478 1684 et
2525 1620 2628 1685 vel
2677 1623 3000 1707 corrigen-

606 1730 891 1817 gendum
939 1727 1046 1792 vel
1093 1727 1476 1791 eiiciendum
1523 1747 1678 1791 esse.
1729 1725 1902 1804 Quae
1951 1729 2006 1789 si
2053 1729 2146 1790 ita
2191 1732 2376 1805 sunt,
2429 1748 2552 1790 non
2591 1748 2749 1810 opus
2789 1731 2885 1790 est
2923 1729 2998 1789 in

607 1834 1015 1901 emendandis
1055 1834 1227 1897 hisce
1247 1880 1262 1908 ,
1312 1834 1687 1916 praesertim
1735 1832 2055 1915 prioribus
2076 1880 2091 1908 ,
2147 1833 2354 1896 verbis
2401 1832 2479 1895 ad
2525 1837 2805 1895 tractum
2851 1831 3001 1895 lite—

605 1962 825 2006 rarum
886 1937 1107 2003 sedulo
1170 1937 1495 2001 attendere
1512 1957 1531 2013 ;
1592 1936 1840 2020 reliqua
1899 1938 2127 2014 verba,
2194 1940 2249 2000 si
2312 1940 2698 2001 correctione
2762 1943 2956 2021 egent
2975 1984 2996 2013 ,

604 2067 732 2111 non
798 2047 923 2109 nisi
979 2043 1213 2109 leviter
1270 2041 1678 2105 immutanda
1741 2048 1910 2105 sunt.
1980 2042 2053 2105 Id
2102 2045 2297 2107 etiam
2347 2064 2534 2107 curae
2582 2064 2718 2107 esse
2765 2043 2952 2106 debet
2973 2088 2992 2119 ‚

607 2158 684 2216 ut
745 2151 941 2216 verbo
990 2151 1167 2213 τίνειν
1211 2149 1385 2211 iusta
1430 2168 1501 2211 ac
1546 2146 1844 2232 legitima
1889 2147 2304 2232 significatio,
2349 2171 2572 2227 poenas
2619 2149 2815 2224 luere,
2866 2168 2998 2211 ser-

606 2252 816 2334 retur,
866 2275 1070 2339 neque
1120 2274 1338 2317 sensus
1368 2253 1674 2335 puniendi
1694 2302 1710 2329 ,
1752 2252 2079 2315 ulciscendi
2120 2256 2180 2316 ei
2216 2253 2558 2331 tribuatur,
2599 2272 2998 2337 quamquam

605 2362 674 2426 id
734 2361 945 2424 forsan
1006 2361 1383 2424 auctoritate
1428 2356 1758 2441 Sophoclis
1807 2356 1984 2436 (Oed.
2029 2356 2249 2422 Oolon.
2291 2357 2445 2436 230,
2493 2357 2693 2439 1203)
2735 2358 2993 2423 defendi

609 2468 829 2552 possit.
2197 2454 2206 2461 ⁹

700 2572 796 2637 De
856 2592 1045 2637 versu
1108 2576 1406 2655 sequente
1464 2569 1820 2635 notandum
1880 2570 2047 2633 mihi
2107 2570 2364 2636 videtur
2417 2592 2640 2637 vocem
2689 2571 2989 2644 θανούσης

606 2681 851 2754 misere,
872 2676 1177 2763 languere
1215 2682 1278 2742 et
1318 2695 1722 2761 nequaquam
1763 2675 2046 2741 sufficere
2085 2676 2164 2741 ad
2201 2698 2454 2754 necem,
2499 2677 2574 2742 de
2616 2698 2740 2763 qua
2778 2698 2990 2742 sermo

606 2791 735 2862 est,
785 2784 1262 2868 designandam.
1314 2782 1664 2860 Casandra,
1711 2803 1871 2866 quae
1917 2785 2049 2847 iam
2095 2804 2188 2847 vs.
2244 2781 2416 2848 1317
2469 2789 2534 2848 et
2588 2783 2762 2848 1320
2806 2805 2994 2848 voca-

603 2890 773 2955 bulis
822 2891 1075 2969 θανούση
1124 2894 1189 2954 et
1236 2889 1565 2965 θανουμένη
1612 2909 1732 2952 usa
1776 2893 1907 2965 est,
1958 2909 2124 2952 nunc
2170 2888 2247 2952 de
2295 2908 2528 2973 genere
2573 2892 2800 2953 mortis
2842 2911 2998 2972 que-

603 2998 771 3060 ritur
834 3003 898 3059 et
957 2994 1187 3081 procul.
1244 2994 1436 3058 dubio
1492 2992 1738 3058 ultores
1791 3014 1938 3058 suos
1982 3000 2170 3079 rogat
2215 3015 2340 3059 non
2387 2999 2464 3058 ut
2507 3002 2826 3072 mortuam,
2874 2994 2988 3058 sed

605 3107 681 3165 ut
727 3123 953 3163 caesam
1000 3121 1253 3164 servam
1298 3097 1710 3163 ulciscantur.
1761 3097 2163 3166 Vocabulum
2204 3100 2532 3176 θανούσης,
2577 3102 2698 3164 etsi
2737 3101 2986 3164 nemini

605 3208 1032 3289 suspicionem
1069 3207 1345 3269 movisse
1384 3204 1660 3281 videtur,
1689 3204 2129 3269 emendatione
2155 3224 2342 3290 egere
2366 3225 2739 3289 persuasum
2764 3206 2986 3270 habeo.

694 3311 871 3376 Haec
932 3313 985 3374 si
1046 3315 1213 3375 recte
1276 3310 1603 3394 disputata
1662 3317 1846 3386 sunt,
1909 3311 2066 3374 bene
2111 3310 2328 3376 locum
2373 3311 2774 3395 expedivisse
2821 3313 2992 3374 mihi

607 3419 788 3482 visus
837 3438 983 3481 sum
1030 3416 1357 3481 scribendo

1769 3524 1937 3597 ἡλίου
1985 3522 2036 3586 δ’
2086 3524 2438 3603 ἐπεύχομαι

1062 3629 1207 3709 πρὸς
1254 3625 1517 3693 ὕστατον
1565 3634 1700 3708 Φῶς
1745 3637 1874 3699 τοῖς
1926 3630 2094 3704 ἐμοῖς
2143 3629 2454 3708 τιμαόροις

1062 3735 1311 3814 ἐχθροὺς
1358 3740 1608 3814 Φοναῒσι
1657 3743 2028 3806 κλεπτικαῖς
2077 3736 2256 3799 τίνειν
2305 3735 2476 3812 θέμιν

1062 3838 1279 3913 δούλης
1326 3841 1689 3920 σφαγείσης
1738 3841 2038 3918 εὐμαροῦς
2084 3842 2492 3918 χειρώματος.

601 3944 941 4013 Vocabulis
989 3952 1241 4026 Φοναῖσι
1288 3955 1659 4018 κλεπτικαῖς
1680 3996 1695 4023 ,
1745 3952 1822 4010 ut
1868 3946 2033 4011 mihi
2071 3947 2345 4024 videtur,
2387 3949 2628 4031 optime
2665 3946 2989 4011 indicatur.

602 4052 768 4118 ultio
858 4053 1383 4137 necopinantibus
1451 4054 1733 4116 inimicis
1755 4099 1770 4128 ,
1869 4072 1994 4114 non
2065 4051 2143 4115 ad
2211 4049 2636 4126 defensionem
2706 4055 2947 4138 paratis
2967 4100 2984 4130 ‚

601 4160 1071 4244 superveniens
1142 4158 1332 4223 Iuvat
1400 4158 1506 4221 hic
1576 4177 1929 4220 memorare
1997 4155 2326 4241 Sophoclis
2385 4157 2601 4222 locum
2660 4160 2727 4220 in
2791 4178 2988 4241 quem

604 4270 827 4350 postea
908 4263 1139 4340 incidi,
1225 4263 1304 4326 ad
1381 4260 1961 4327 commendandum
2028 4262 2300 4326 verbum
2369 4271 2740 4333 κλεπτικαῖς
2809 4262 2986 4326 haud

602 4392 836 4456 parum
872 4369 1240 4446 facientem3
1277 4374 1426 4432 sunt
1465 4387 1697 4451 nempe
1735 4365 2099 4450 tragoediae
2138 4367 2429 4432 Electrae
2468 4388 2692 4432 versus
2734 4365 2841 4444 36,
2871 4365 2982 4445 37,

604 4479 675 4542 in
721 4476 952 4561 quibus
998 4474 1247 4539 Orestes
1295 4475 1483 4551 dicit,
1533 4471 1899 4558 Apollinem
1946 4493 2098 4538 eum
2144 4476 2466 4568 vaticinio·
2497 4477 2756 4539 iussisse
