3351 5463
1295 385 1731 436 murmanus.
1997 373 2016 384 “
2561 371 2694 440 39].

316 551 533 628 ψυχὺν
594 549 1077 614 ὑποκεῖσθαι
1143 547 1341 621 δεήσει
1405 549 1734 622 πολυπαθῆ
1801 549 1907 614 καὶ
1971 551 2483 630 πολύτροπον
2540 554 2696 630 (Le.

316 654 416 720 ἐπὶ
482 654 695 720 πολλοὶ
755 652 1127 734 τρεπομένην
1188 673 1277 720 sc.
1326 653 1436 733 ὑφ’
1485 653 1742 735 ἑαυτῆς)
1787 655 1892 718 καὶ
1945 654 2138 735 ὑγρὰν
2185 670 2328 722 κτλ.
2392 654 2698 722 Ceterum

312 759 391 825 cf.
438 781 504 845 p.
556 757 777 825 3740:
822 756 973 824 ὅταν
1020 755 1117 824 οὖν
1167 755 1315 832 ὕλην
1365 758 1672 837 λέγωμεν,
1721 761 1789 824 οὑ
1837 759 1933 826 δεῖ
1975 796 2059 812 --
2107 758 2358 842 ἄψυχόν
2407 785 2467 826 τι
2515 768 2697 841 σῶμα

316 865 419 929 καὶ
485 863 699 931 ἄποιον
761 863 953 944 ὦργόν
1015 889 1086 928 τε
1134 864 1238 929 καὶ
1301 862 1730 945 ἄπρακτον
1804 865 1892 942 ἐξ
1958 867 2250 934 ἑαυτοῦ
2311 867 2694 935 διανοεῖσθαι.

290 994 377 1057 .p.
427 967 613 1037 3¹70f
665 969 995 1036 ἀπολείπει
1058 968 1118 1033 δὲ
1168 967 1275 1034 καὶ
1322 970 1528 1049 τρίτην
1574 970 1715 1035 τινὰ
1763 970 2010 1048 μεταξὺ
2056 973 2247 1052 φύσιν
2294 975 2400 1038 οὑκ
2447 972 2697 1052 ἄψυχον

314 1075 437 1140 οὐδ’
483 1073 715 1154 ἄλογον
759 1073 885 1141 οὐδ’
936 1074 1221 1150 ἀκίνητον
1266 1073 1334 1151 ἐξ
1380 1076 1611 1154 αὐτῆς,
1661 1072 1863 1155 ὥσπερ
1902 1075 2036 1142 ἔνιοι
2083 1077 2440 1158 νομίζουσιν.
2492 1078 2695 1146 Verba

312 1183 523 1268 igitur
580 1180 979 1258 ὑποκειμένην
1038 1182 1141 1245 καὶ
1188 1181 1557 1259 τρεπομένην
1604 1182 1715 1260 ὑφ’
1765 1183 1958 1257 αὑτῆς
2006 1183 2260 1262 (malim
2306 1186 2425 1264 ἀφ’
2473 1186 2696 1265 αὑτῆς)

314 1307 393 1352 ex
457 1285 795 1354 Plutarchi
858 1292 1077 1352 mente
1146 1285 1315 1352 dicta
1378 1307 1515 1352 esse
1575 1286 1896 1354 videntur.
1959 1287 2085 1354 Sed
2146 1288 2224 1354 de
2282 1288 2421 1356 loco
2485 1289 2696 1355 multa

312 1393 675 1458 scribantur
712 1413 967 1460 necesse
1014 1396 1133 1458 est.

402 1497 694 1564 Ultimus
761 1496 946 1566 locus
989 1501 1087 1562 est
1126 1519 1189 1582 p.
1244 1495 1427 1562 1190
1470 1518 1665 1583 quem
1708 1503 2054 1584 postquam
2097 1501 2166 1563 in
2209 1499 2380 1564 hunc
2425 1500 2694 1568 modum

312 1603 679 1689 descripsit:
746 1604 940 1682 »ἀλλ’
1000 1602 1145 1674 ἴσως
1208 1603 1528 1681 ὑποτυχὼν
1592 1601 1668 1668 ἂν
1734 1605 1932 1684 φαίης
1990 1603 2370 1672 ’Λπολλῶνιε
2415 1607 2696 1687 φίλτατε

312 1709 527 1788 σφόδρ’
572 1704 659 1785 ἣν
722 1708 1190 1785 ἐπιτετευμένος
1250 1708 1278 1772 ὃ
1340 1709 1651 1781 νεανίσκος
1714 1711 2064 1776 Ἀπόλλωνι
2126 1710 2232 1775 καὶ
2295 1711 2542 1790 μοίραις·
2582 1733 2697 1798 pro

309 1813 615 1901 vulgata:
666 1817 1077 1886 Ἀπολλώνιος
1122 1815 1181 1876 ἐν
1228 1814 1534 1894 μοίραις-’3
1584 1815 1926 1902 subiungit
1961 1816 2150 1884 haec:
2195 1817 2378 1894 „Hoc
2417 1820 2696 1903 vestigia

308 1923 629 2008 genuinae
672 1923 1022 2006 scripturae
1070 1939 1351 1986 servasse
1368 1968 1386 1997 ‚
1432 1919 1603 1986 illud
1646 1923 2008 1988 coniectura
2051 1924 2211 2000 niti,
2262 1923 2486 1991 videor
2530 1924 2696 1988 mihi

310 2027 791 2120 demonstrasse
820 2029 891 2090 in
934 2027 1341 2092 annotatione
1376 2045 1523 2093 mea
1554 2026 1637 2091 ad
1669 2027 1842 2092 hunc
1877 2026 2160 2092 locum''.
2209 2027 2696 2094 Demonstravit

312 2139 535 2200 autem
597 2133 923 2200 scribendo
971 2169 1058 2182 --
1105 2132 1386 2213 Φίλτατε
1442 2131 1533 2198 ὅτι
1584 2134 1649 2198 οὑ
1697 2133 1937 2214 σφόδρα
1985 2131 2052 2206 ἦν
2099 2131 2190 2199 ἔτι
2236 2133 2618 2212 γεγευμένος
2666 2135 2694 2200 ὃ

314 2254 475 2303 νεαν.
532 2241 943 2309 Ἀπολλώνιος
990 2239 1323 2316 εὐμοιρίας.
1372 2236 1738 2304 Videamus.
1786 2239 1880 2304 Ac
1924 2241 2216 2323 primum
2260 2239 2521 2324 quidem
2569 2241 2694 2305 ε’πι-
2799 2314 2806 2322 ‚

312 2343 677 2420 τετευμένος
738 2344 1041 2429 praebent
1084 2342 1143 2408 D
1188 2349 1255 2408 et
1300 2342 1449 2422 alii,
1499 2344 2022 2421 ἕπιτετευγμένος
2068 2345 2300 2410 codicis
2346 2345 2406 2409 D
2449 2345 2698 2412 familia

312 2454 377 2514 et
436 2448 584 2526 alii,
646 2449 754 2514 sed
814 2453 1085 2533 utraque
1144 2447 1338 2514 lectio
1402 2449 1578 2514 ducit
1636 2449 1718 2512 ad
1766 2449 2264 2527 ἐπιτεταγμένος
2311 2451 2545 2516 codicis
2591 2451 2694 2530 X,

314 2553 487 2638 quod
569 2555 755 2619 unice
838 2559 1087 2618 rectum
1155 2573 1291 2618 esse
1359 2553 1525 2618 mihi
1595 2554 1876 2620 videtur.
1959 2553 2289 2620 Sententia
2364 2556 2520 2621 haec
2598 2561 2698 2622 est

312 2659 673 2741 „Quoniam
714 2661 971 2734 iuvenis
1017 2664 1163 2746 post
1206 2657 1645 2724 multosvalios
1685 2658 2030 2725 collocatus
2072 2666 2207 2726 erat
2247 2661 2700 2742 (ἐπιτεταγμέ-

310 2772 453 2846 νος),
519 2770 666 2831 ante
726 2786 831 2833 eos
889 2786 1018 2831 non
1077 2770 1213 2831 erat
1272 2764 1635 2851 eripiendus
1682 2765 1759 2831 ab
1804 2766 2102 2851 Apolline
2147 2772 2212 2831 et
2258 2766 2542 2833 Parcis’'.
2589 2767 2693 2831 Ad

315 2872 585 2937 verbum
629 2873 914 2937 converti
958 2870 1174 2937 locum
1220 2875 1298 2934 ut
1341 2874 1546 2956 potui.
1602 2947 1609 2957 .
2488 2854 2498 2867 ’

398 2977 461 3043 N
463 2998 589 3044 unc
631 2977 711 3043 ad
756 2978 1023 3043 Patonis
1059 2975 1233 3043 locos
1270 2981 1669 3043 transeamus
1689 3024 1706 3054 ,
1743 2998 2024 3062 quorum
2061 2977 2332 3064 plurimi
2365 2979 2700 3045 inveniun-

310 3089 419 3147 tur
462 3085 534 3147 in
578 3082 915 3150 Plutarchi
970 3081 1189 3149 libello
1208 3127 1224 3158 ,
1274 3102 1467 3166 quem
1514 3084 1883 3166 nuperrime
1931 3082 2131 3147 edidit
2182 3083 2278 3149 ‘de
2326 3081 2694 3169 Cupiditate

309 3187 726 3255 Divitiarum’
774 3186 1069 3266 (London
1112 3186 1200 3272 by
1244 3185 1454 3253 David
1500 3186 1667 3252 Nutt
1719 3185 1940 3267 1895).
1988 3187 2232 3271 Incipio
2279 3208 2316 3251 a
2361 3209 2424 3272 p.
2477 3186 2606 3252 525
2656 3208 2694 3252 a

309 3290 497 3373 (359,
528 3290 643 3372 13)
2723 3324 2728 3333 ·

862 3395 1232 3475 ”’Λπολλον,
1282 3395 1587 3477 ἄνθρωπόν
1633 3399 1746 3460 τιν’
1796 3395 2150 3474 ἀθλιώτερον

859 3500 1119 3580 ἑόρακας
1138 3521 1157 3579 ;
1205 3496 1303 3580 ἄρ’
1352 3502 1573 3581 ἐρῶντα
1625 3500 2126 3578 δυσποτμώτερον
2145 3500 2186 3577 ;’

314 3609 409 3671 ita
446 3607 701 3692 scripsit
738 3606 962 3673 Paton.
1003 3606 1100 3673 De
1136 3606 1407 3673 lectione
1447 3606 1698 3675 diversa
1736 3606 1880 3671 τίνα
1912 3604 2104 3672 ἄλλον
2143 3604 2280 3673 dixi
2318 3625 2528 3690 supra.
2570 3607 2699 3672 Pro

316 3706 437 3790 ἄρα
486 3712 745 3779 exhibet
790 3712 824 3788 ἢ
875 3712 933 3779 D
980 3734 1131 3779 cum
1173 3712 1448 3790 familia,
1498 3713 1670 3798 quod
1717 3711 2180 3797 interpolatum
2225 3716 2412 3797 putat
2457 3712 2663 3780 Paton
2681 3760 2698 3790 ‚

314 3822 385 3882 et
440 3819 682 3885 vitium
740 3816 999 3903 aliquod
1058 3820 1129 3883 in
1182 3838 1256 3883 ea
1299 3817 1573 3883 lectione
1614 3812 1836 3883 latere.
1862 3839 1946 3882 ex
1987 3817 2172 3881 hiatu
2219 3836 2368 3883 sane
2413 3822 2710 3903 apparet..

316 3921 445 3989 Sed
504 3917 629 4001 ἄρα
688 3923 844 4006 quid
904 3922 1029 3987 sibi
1087 3922 1247 3989 velit
1299 3926 1372 3988 in
1430 3922 1627 3989 altera
1669 3927 1854 4009 parte
1896 3924 2417 4009 interrogationis
2462 3924 2694 3987 nescio.

315 4025 621 4095 Ceterum
689 4027 861 4113 quod
926 4033 1073 4113 post
1143 4027 1641 4107 δυσποτμώτερον
1708 4027 2118 4094 inserendum
2186 4032 2396 4093 censet
2465 4026 2658 4106 ἔρωτα
2679 4074 2696 4103 ,

312 4132 482 4199 male
524 4132 847 4197 intellexit
892 4131 1112 4200 locum
1156 4135 1259 4199 vir
1308 4133 1720 4201 doctissimus
1736 4180 1753 4211 ,
1796 4154 1948 4199 nam
1991 4132 2491 4211 δυσποτμώτερον
2529 4134 2698 4199 sicut

315 4238 671 4317 ἀθλιώτερον
716 4237 1155 4323 praedicatum
1198 4258 1323 4303 non
1368 4238 1693 4305 obiectum
1740 4242 1858 4303 est.
2183 4286 2190 4295 .

406 4342 501 4409 Ib.
566 4344 607 4408 d
670 4342 853 4423 (360,
880 4342 995 4423 22)
1054 4345 1310 4428 scripsit
1362 4340 1407 4407 ἃ
1454 4367 1531 4421 γε
1581 4344 1656 4408 σὺ
1707 4350 1902 4427 κυκᾷς
1951 4341 2304 4422 ὑφάπτεις,
2353 4338 2396 4405 ὦ
2445 4342 2698 4421 πόνηρε,

316 4449 461 4521 τοὺς
527 4448 821 4527 βασιλεῒς
894 4448 970 4511 ἔα
1028 4448 1374 4529 πορίζεσθαι
1436 4454 1587 4515 cett.
1653 4449 1814 4519 Post
1879 4448 2222 4530 πορίζεσθαι
2285 4450 2560 4515 inseruit
2617 4445 2693 4513 ἔα
