3351 5463
628 385 763 453 314
1182 395 1193 402 ‘
1631 401 2002 456 monimus.

956 572 1187 638 ·Porro
1234 575 1289 637 si
1334 571 1574 637 nullast
1618 573 1986 658 frangendis
2035 573 2285 640 reddita
2333 575 2478 640 finis

902 679 1273 763 corporibus
1292 725 1308 756 ,
1358 682 1575 743 tamen
1624 699 1707 744 ex
1753 683 2011 745 aeterno
2053 685 2342 764 tempore
2390 681 2699 766 quaedam

881 793 1069 849 'nunc
1116 787 1315 849 etiam
1360 803 1661 869 superare
1710 790 2022 849 necessest
2069 805 2329 870 corpora
2375 787 2564 850 rebus
2581 834 2598 863 ,

722 886 854 953 580
901 909 1063 974 quae
1112 889 1396 955 nondum
1442 889 1700 956 clueant
1745 888 1884 954 ullo
1931 895 2248 974 temptata
2291 891 2565 976 periclo:

901 1000 968 1059 at
1014 997 1319 1079 quoniam
1368 994 1586 1080 fragili
1631 999 1864 1059 natura
1909 996 2197 1080 praedita
2243 1002 2530 1062 constant
2546 1046 2563 1074 ,

779 1175 783 1179 ,
900 1101 1219 1186 discrepat
1264 1105 1602 1165 aeternum
1645 1106 1906 1187 tempus
1953 1103 2236 1186 potuisse
2281 1121 2540 1168 manere

902 1205 1485 1273 innumerabilibus
1528 1204 1743 1292 plagis
1786 1211 2028 1272 vexata
2063 1227 2175 1293 per
2219 1225 2470 1274 aevom.

719 1419 816 1486 Ex
865 1420 1039 1485 hisce
1087 1420 1382 1486 versibus
1422 1418 1690 1505 Brieger
1731 1418 2092 1486 565-576
2131 1420 2426 1506 seclusit,
2471 1426 2722 1486 servato
2760 1442 2854 1487 vs.
2884 1419 3020 1486 568

631 1531 853 1610 (quem
899 1525 1161 1592 Lachm.
1211 1533 1357 1611 post
1405 1523 1535 1589 585
1584 1527 2025 1611 transposuit),
2075 1545 2203 1592 νεε.
2255 1523 2618 1611 577—584
2663 1532 2806 1612 post
2851 1547 3019 1592 vsm.

634 1629 766 1696 550
809 1629 1167 1696 collocavit.

724 1736 819 1802 De
863 1737 982 1801 hoc
1028 1735 1165 1800 loco
1205 1734 1400 1800 multi
1448 1734 1659 1800 multa
1699 1736 2212 1820 disputaverunt.
2260 1735 2772 1822 Havercampius
2809 1737 2902 1800 ait
2937 1736 3022 1800 ad

632 1862 728 1908 vs.
779 1838 910 1906 577
976 1839 1144 1920 (Lm.
1194 1859 1289 1905 vs.
1342 1837 1501 1919 576)
1569 1848 1756 1925 „post
1815 1840 1984 1906 hunc
2030 1860 2292 1906 versum
2339 1840 2692 1906 collocatur
2736 1862 2832 1907 vs.
2883 1838 3019 1905 629

632 1968 784 2012 cum
862 1967 972 2011 sex
1042 1945 1452 2031 sequentibus
1513 1943 1575 2012 G
1636 1944 2090 2031 (Gottorpiano
2141 1947 2502 2033 fragmento
2563 1949 2698 2012 sive
2759 1945 3027 2011 Schedis

635 2049 1262 2131 Hauniensibus),.P.
1290 2050 1421 2130 (Pii
1446 2050 1728 2115 editione
1756 2049 1975 2131 1511),
2009 2051 2062 2130 Q
2086 2050 2408 2132 (Editione
2434 2051 2657 2116 Veron.
2691 2049 2911 2131 1486),
2955 2051 3024 2116 X

632 2156 1093 2238 (Bodleiano).'’
1162 2155 1310 2232 „Vs.
1362 2154 1495 2220 629
1559 2175 1709 2220 cum
1772 2173 1882 2220 sex
1943 2157 2398 2241 sequentibus’'
2455 2162 2607 2221 sunt
2652 2156 2859 2222 eidem
2907 2159 3026 2241 qui

632 2262 803 2348 apud
870 2261 1013 2326 Lm.
1090 2257 1469 2326 577--584.
1543 2259 1767 2344 Itaque
1837 2282 1915 2326 ne
1977 2263 2258 2348 inspexit
2319 2261 2580 2346 quidem
2642 2261 3018 2339 Leidenses,

631 2387 1028 2453 quamquam
1091 2387 1157 2430 se
1216 2386 1322 2430 eos
1371 2364 1716 2430 contulisse
1765 2365 1940 2430 dicit.
2007 2364 2454 2432 Coniecturam
2500 2366 2683 2432 illam
2731 2370 3022 2452 primum

629 2475 997 2539 invenimus
1044 2472 1113 2534 in
1160 2469 1430 2537 Candidi
1478 2469 1757 2536 editione
1802 2471 2061 2536 Iuntina
2108 2471 2362 2552 (1512),
2405 2493 2603 2556 quam
2639 2473 3017 2550 Lambinus,

632 2576 907 2654 Greech,
956 2575 1068 2640 alii
1110 2577 1313 2640 secuti
1360 2580 1544 2653 sunt,
1589 2577 1806 2661 ignari
1853 2598 1922 2640 se
1959 2579 2391 2644 coniecturam
2429 2579 2726 2663 recipere.
2772 2577 3013 2643 Munro

628 2685 697 2750 in
765 2682 956 2748 tertia
1022 2679 1297 2746 editione
1366 2683 1716 2747 rectissime
1784 2684 2040 2748 monuit
2109 2703 2328 2749 omnes
2385 2685 2773 2749 mutationes
2833 2685 3010 2748 iusta

630 2810 818 2855 causa
879 2808 1085 2853 carere
1148 2792 1211 2851 et
1272 2792 1441 2879 qrtas
1487 2808 1623 2853 esse
1671 2809 1750 2853 ex
1797 2809 2090 2873 perversa
2136 2778 2660 2877 interpretatione
2706 2810 2832 2855 νεε.
2883 2788 3016 2854 599

634 2893 879 2959 -634,

720 3000 1025 3063 Attamen
1070 3018 1275 3083 neque
1322 3018 1472 3063 cum
1517 2998 1834 3064 Munrone
1881 3000 2064 3065 facio.

720 3103 1098 3169 Praemissis
1159 3106 1559 3189 argumentis
1620 3104 2128 3190 generalioribus
2191 3105 2268 3170 de
2325 3104 2688 3170 alternitate
2736 3107 2819 3186 (si
2863 3104 3021 3171 licet

630 3209 749 3275 hoc
795 3210 987 3276 verbo
1031 3211 1167 3286 uti,
1231 3210 1307 3274 cf.
1360 3230 1454 3275 vs.
1507 3208 1667 3290 524)
1713 3213 2017 3275 materiae
2067 3217 2131 3275 et
2179 3211 2406 3295 spatii,
2454 3210 2602 3275 inde
2651 3230 2688 3275 a
2735 3231 2831 3276 νε.
2883 3208 3017 3274 503

633 3313 875 3392 -539,
938 3335 1099 3399 quae
1163 3320 1544 3399 argumenta
1608 3322 1760 3380 sunt
1822 3314 2071 3402 logicae
2136 3317 2275 3382 sive
2336 3314 2666 3380 rationalis
2711 3319 2979 3379 naturae
2999 3362 3015 3393 ,

630 3421 809 3487 affert
868 3420 992 3485 duo
1053 3425 1434 3506 argumenta
1479 3442 1639 3505 quae
1688 3424 2009 3505 pertinent
2057 3422 2137 3485 ad
2184 3423 2254 3486 τὸ
2305 3441 2438 3486 esse
2460 3471 2475 3500 ,
2522 3421 2629 3486 vel
2674 3412 2890 3505 potius
2935 3420 3017 3485 ad

630 3526 700 3590 τὸ
747 3549 938 3603 nunc,
986 3527 1184 3589 adhuc
1230 3546 1385 3592 esse.
1444 3560 1447 3565 ·
2003 3536 2008 3543 '

719 3632 914 3696 Prius
975 3632 1095 3696 hoc
1160 3638 1257 3696 est
1319 3652 1414 3697 νε.
1480 3629 1876 3696 540--5502
1950 3634 2250 3696 materies
2312 3634 2367 3695 si
2429 3632 2507 3696 ad
2573 3628 2739 3695 nihil
2799 3636 3015 3716 posset

628 3737 838 3822 redigi
854 3785 871 3814 ,
933 3758 1047 3823 per
1085 3736 1416 3801 infinitum
1461 3741 1720 3822 tempus
1766 3740 2185 3822 praeteritum
2231 3758 2300 3801 re
2344 3757 2496 3802 vera
2539 3738 2673 3801 iam
2720 3736 2799 3801 ad
2846 3735 3015 3800 nihil

628 3842 879 3909 redacta
942 3846 1109 3907 esset
1170 3846 1235 3906 et
1293 3862 1425 3919 res,
1489 3862 1645 3926 quas
1708 3863 1874 3907 nunc
1937 3863 2072 3908 esse
2135 3862 2356 3906 sensus
2411 3842 2636 3906 docent
2681 3860 2760 3906 ex
2806 3824 3013 3905 nihilo

628 3953 883 4013 renatae
945 3951 1186 4024 essent,
1246 3946 1316 4010 id
1379 3947 1550 4032 quod
1594 3953 1915 4034 repugnat
1959 3949 2312 4012 sententiae
2330 3995 2347 4025 ,
2400 3960 2595 4031 quam
2611 3994 2628 4024 ,
2677 3952 3015 4031 tamquam

628 4053 1121 4119 fundamentum
1141 4100 1157 4129 ,
1206 4054 1330 4117 toti
1377 4051 1699 4117 doctrinae
1747 4054 2125 4118 substruxit.

718 4160 1018 4225 Alterum
1064 4162 1524 4244 argumentum
1570 4161 1770 4243 priori
1814 4158 2227 4223 simillimum
2267 4162 2420 4237 (νεε.
2464 4154 2850 4236 551-564)
2890 4154 3012 4221 hoc

630 4270 759 4331 est:
810 4284 1029 4329 omnes
1073 4284 1173 4328 res
1218 4262 1429 4337 multo
1468 4266 1659 4328 citius
1703 4263 1966 4330 dissolvi
2003 4284 2192 4348 posse
2234 4282 2430 4348 quam
2467 4262 2641 4327 refici
2680 4262 3010 4327 videmus:

629 4373 685 4434 si
730 4390 882 4455 ergo
928 4369 1008 4434 ad
1050 4368 1217 4433 nihil
1259 4388 1359 4433 res
1404 4368 1867 4455 redigerentur,
1917 4371 1973 4433 si
2015 4368 2162 4433 finis
2209 4389 2334 4432 non
2383 4373 2548 4433 esset
2587 4366 2977 4435 dissolvendi
2991 4415 3009 4444 ,

626 4496 957 4561 nunquam
1017 4474 1153 4538 fieri
1212 4478 1461 4559 posset,
1522 4479 1598 4538 ut
1658 4474 1806 4540 inde
1867 4494 1904 4539 a
1962 4478 2132 4539 certo
2196 4478 2483 4559 tempore
2529 4492 2628 4538 res
2675 4470 3011 4537 crescendo
