3351 5463
601 349 735 418 272
1544 345 2044 419 Amswopmnns.

691 535 799 602 Vs.
848 535 999 601 416.
1050 534 1149 600 ναὶ
1196 537 1292 613 μοὶ
1347 534 1493 600 Δία.
1544 534 1688 614 πρὸς
1741 532 1952 613 ταῦτ’,
2002 531 2044 598 ὦ
2093 535 2235 615 φίλ’
2289 534 2523 613 Ἑρμῆ,
2572 532 2866 611 ξύλλαβε

1054 643 1200 718 ἡμῖν
1249 639 1561 719 προθύμως
1611 640 1794 705 τῶνδε
1844 640 1948 702 καὶ
1996 637 2562 720 ξυν<αν>έλκυσον,
2623 722 2633 729 ·

1053 748 1160 812 καὶ
1208 748 1297 812 σοὶ
1347 748 1445 834 τα
1496 747 1798 825 μεγάλ’
1849 748 2026 823 ἡμεῖς
2076 743 2450 821 παναθῆναι’
2499 745 2729 823 ἄξομεν

1054 853 1269 924 πασας
1321 878 1391 917 τε
1438 854 1555 924 τὰς
1607 851 1818 925 ἄλλας
1868 855 2133 925 τελετὰς
2184 852 2299 923 τοὶς
2346 857 2463 916 τῶν
2512 854 2674 917 θεῶν.

601 957 811 1024 Schol.
858 958 959 1023 τα
1006 957 1387 1052 μεγάλαι
1438 961 1559 1038 οὐχ
1607 960 1685 1030 ὦς
1733 959 1838 1022 καὶ
1881 964 2105 1038 μικρῶν
2143 955 2323 1023 ὄντων
2362 957 2546 1023 τοῦτό
2583 963 2792 1037 φησιν,
2835 953 2993 1020 ἀλλ’

605 1061 806 1138 αὔξων
866 1067 976 1138 τὴν
1037 1065 1240 1144 χάριν.
1305 1064 1485 1129 Licet
1550 1085 1808 1140 omnes,
1872 1064 2040 1148 quod
2103 1067 2300 1128 sciam
2323 1111 2338 1140 ,
2403 1067 2784 1149 interpretes
2831 1062 2988 1126 huic

603 1169 1009 1255 explicationi
1072 1172 1505 1254 acquiescant,
1574 1169 1872 1253 equidem
1933 1189 2075 1233 eam
2136 1170 2290 1234 ferri
2354 1190 2538 1253 posse
2586 1189 2776 1254 aegre
2820 1167 2990 1231 mihi

603 1275 948 1362 persuadeo
1007 1274 1421 1359 multumque
1480 1295 1698 1340 vereor
1753 1295 1832 1338 ne
1878 1273 2260 1338 ludificetur·
2289 1294 2404 1338 nos
2452 1276 2794 1358 antiquum
2841 1275 2991 1337 scri-

604 1389 830 1467 pturae
878 1383 1138 1446 vitium.
1189 1380 1356 1459 Quid
1406 1383 1462 1444 si
1507 1380 1667 1444 fuit:

696 1487 799 1550 καὶ
842 1487 931 1550 σοὶ
970 1485 1180 1562 μετὰ
1222 1486 1443 1550 ταῦθ’
1485 1486 1681 1564 (μετὰ
1723 1482 1935 1565 new)
1980 1487 2154 1561 ἡμεῖς
2196 1485 2564 1558 παναθῆναι’
2609 1479 2882 1561 semen?

698 1674 803 1739 VS.
855 1672 1009 1739 426.
1828 1673 2000 1737 ἀλλὰ
2053 1679 2196 1744 ταῖς
2247 1669 2445 1748 ἄμαις

1060 1778 1465 1851 εἰσιόντες
1514 1781 1589 1852 ὦς
1638 1780 1929 1859 τάχιστα
1976 1780 2116 1849 τοὺς
2166 1778 2366 1850 λίθους
2417 1778 2762 1858 ἀφέλκετε.

609 1885 752 1950 Una
797 1884 1005 1950 deleta
1049 1884 1311 1950 literula
1357 1885 1678 1970 quondam
1727 1887 1997 1950 correxi:

1063 1986 1159 2053 εἷ’
1205 1991 1473 2062 ἰόντες
1527 2007 1667 2055 κτλ.

611 2093 708 2163 Cf.
734 2094 914 2160 Plut.
941 2093 1091 2160 292.
1122 2094 1275 2161 316.
1305 2095 1455 2163 760.
1483 2096 1600 2161 Th.
1630 2095 1783 2161 985.
1811 2095 1970 2161 Ran.
1991 2094 2143 2160 394.
2170 2096 2332 2161 Ach.
2349 2093 2502 2159 494.
2529 2091 2880 2181 Lys.13o5
2900 2115 2995 2179 sq.

700 2281 808 2377 Vs.
859 2279 1011 2348 451.
1063 2283 1096 2357 ἢ
1148 2282 1353 2354 δοῦλος
1403 2284 1775 2360 αὐτομολεῖν
1824 2272 2436 2366 παρεσιιευασμένος,
2488 2282 2616 2347 κτὲ.

611 2388 833 2473 Nuper
896 2389 1213 2454 Mnemos.
1286 2388 1458 2456 1895
1523 2411 1672 2476 pag.
1724 2388 1856 2453 454
1921 2391 2317 2476 corrigebam
2366 2383 2420 2469 ᾗ.
2475 2385 2916 2453 Nihilominus
2965 2387 2998 2463 ἢ

614 2496 703 2558 sic
746 2495 917 2558 tueri
959 2497 1198 2579 poesie,
1246 2500 1322 2558 ut
1369 2515 1588 2560 sensus
1634 2497 1755 2559 sit:
1807 2492 1904 2559 κεῖ
1947 2518 2037 2567 τις
2088 2495 2178 2570 μὴ
2224 2493 2538 2570 ξυλλάβοι
2557 2541 2575 2571 ,
2623 2499 3001 2571 στρατηγεῖν

612 2597 983 2676 βουλόμενος
1049 2600 1083 2674 ἢ
1150 2601 1241 2671 ὥς
1303 2601 1580 2673 δοῦλος
1648 2602 2018 2693 αὐτομολεῖν
2071 2598 2688 2680 παρεσκευασμένος,
2739 2597 2838 2660 ἐπὶ
2890 2601 2997 2661 τοῦ

561 2693 565 2698 ’
613 2709 835 2786 τροχοῦ
884 2703 1248 2784 στρεβλοῖτο
1296 2705 1823 2785 μαστιγούμενος.

706 2892 816 2956 Vs.
865 2890 1016 2958 525.
1068 2888 1183 2957 οἷον
1228 2892 1288 2957 δὲ
1339 2900 1545 2971 πνεῖς,
1593 2897 1671 2966 ὥς
1725 2892 1863 2969 ἡδὺ
1912 2893 2132 2958 κατὰ
2179 2900 2322 2967 τῆς
2373 2891 2752 2973 καρδίας,

1070 2998 1470 3076 γλυκύτατον
1518 2996 1718 3079 ὥσπερ
1769 3000 2151 3078 ἀστρατείας
2203 2997 2307 3063 καὶ
2356 2998 2567 3076 μύρου.

615 3102 891 3189 Blaydcs
957 3102 1239 3169 violenta
1298 3109 1364 3170 et
1422 3108 1760 3169 temeraria
1826 3108 2186 3170 coniectura
2245 3106 2457 3169 textui
2501 3103 2728 3169 intulit
2775 3102 2893 3183 ὄζει
2942 3102 3006 3168 δὲ

619 3208 723 3273 καὶ
787 3215 896 3281 τῆς
958 3208 1258 3287 κιστίδος,
1326 3209 1451 3275 alia
1511 3231 1634 3275 non
1698 3209 1965 3275 meliora
2028 3231 2386 3296 proponens
2448 3212 2516 3275 in
2563 3209 3005 3287 adnotatione,

620 3336 780 3401 quae
837 3315 1136 3402 legantur
1199 3316 1369 3401 apud
1413 3313 1652 3401 ipsum.
1703 3316 2084 3380 Rectissime
2106 3306 2324 3380 ‘habet
2373 3316 2609 3379 tradita
2654 3314 2878 3392 lectio;
2928 3319 3010 3377 ut

620 3424 793 3487 enim
853 3426 1021 3487 recte
1075 3422 1311 3486 dicitur
1372 3423 1447 3493 ὥς
1516 3421 1623 3495 ἡδὺ
1691 3428 2036 3491 καταπνεῖς
2102 3429 2210 3495 τῆς
2264 3421 2532 3499 καρδίαςΔ
2571 3444 2726 3498 μου,
2775 3422 2869 3484 ita
2916 3422 3011 3485 sic

621 3549 871 3613 quoque
935 3528 1060 3592 dici
1121 3530 1363 3613 optime
1423 3533 1655 3612 potest.
1708 3525 1805 3593 Of.
1858 3514 2012 3613 Lys.
2066 3525 2217 3591 552.
2267 3524 2410 3611 Ipse
2461 3533 2682 3590 autem
2727 3528 2796 3589 in
2841 3546 3013 3589 com-

620 3636 933 3700 mentario
976 3639 1143 3698 recte
1193 3636 1389 3698 vertit
1405 3680 1422 3710 ,
1469 3656 1644 3716 quam
1689 3656 1869 3696 suave
1915 3634 2118 3715 spiras
2165 3632 2234 3694 in
2269 3638 2484 3713 pectus
2530 3653 2734 3695 meum.

714 3803 824 3869 Vs·
874 3802 1026 3868 525.
1075 3803 1409 3890 Trygaeus
1458 3804 1536 3868 ad
1584 3803 1964 3870 Theoriam:

1078 3903 1192 3973 οἷον
1241 3909 1301 3973 δὲ
1350 3915 1555 3986 πνεῖς,
1606 3911 1682 3979 ὥς
1735 3908 1843 3982 ἡδὺ
1894 3907 2062 3972 κατὰ
2114 3914 2222 3979 τῆς
2275 3906 2566 3985 καρδίας,

1076 4014 1474 4090 γλυκύτατον
1519 4010 1716 4093 ὥσπερ
1767 4014 2145 4092 ἀστρατείας
2194 4011 2299 4076 καὶ
2349 4012 2558 4091 μύρου.

831 4119 1030 4185 Mero.
1079 4127 1237 4197 μῶν
1282 4119 1409 4187 οὖν
1458 4116 1660 4195 ὅμοιον
1710 4121 1814 4185 καὶ
1864 4120 2083 4198 γυλΙου
2133 4121 2608 4197 στρατιωτικῶς

625 4225 952 4291 Ultimum
1016 4248 1278 4292 versum
1339 4229 1650 4291 vitiosum
1713 4248 1847 4292 esse
1909 4225 2076 4290 vidit
2137 4222 2448 4309 Blaydes,
2513 4224 2624 4307 qui
2687 4227 2814 4296 μῶν
2887 4223 3014 4303 οὐχ

629 4334 929 4409 coniecit,
996 4332 1164 4417 quod
1226 4354 1450 4397 verum
1515 4332 1793 4398 videtur.
1858 4331 2121 4395 Poterat
2167 4331 2301 4394 sine
2347 4330 2876 4413 interrogatione:
2929 4329 3010 4391 οὔ

631 4441 823 4515 γοῦν
868 4439 1065 4513 ὁμοῖον
1114 4442 1224 4519 (sc.
1273 4444 1416 4504 πνεῖ
1460 4439 1684 4518 αὐτῆς)
1735 4436 1839 4501 καὶ
1893 4458 1962 4513 γ.
2014 4458 2146 4515 στρ.
