3351 5463
635 356 767 423 400
1413 372 1807 424 memmi
1850 372 2237 423 concensu.

1087 541 1298 607 ἐλεεῖό’
1348 541 1377 606 ό
1425 541 1648 619 vomitu
1696 540 1799 607 nal
1847 548 2142 607 καλεῖται
2187 539 2584 619 γλυκύτατος

638 648 715 714 de
785 647 1105 714 eiusmodi
1172 654 1424 733 pastore
1441 695 1458 725 ,
1527 668 1805 734 quocum
1872 649 2183 733 pristinus
2253 648 2533 713 amasius
2601 647 2671 711 in
2734 646 3023 733 gretiam

632 754 925 833 redierit,
995 752 1508 840 intellegendum
1575 755 1660 818 sit
1727 774 1809 818 an
1878 752 2056 818 aliud
2126 750 2445 839 significet
2510 752 2827 818 affirmare
2892 772 3025 817 non

605 880 864 926 -aus1m.

724 964 976 1031 Ultimo
1032 964 1169 1030 loco
1230 966 1449 1051 agitur
1507 964 1585 1031 de
1647 986 1721 1030 eo
1738 1013 1758 1049 ,
1816 966 1931 1050 qui
1990 967 2059 1029 in
2102 963 2459 1031 temulento
2506 965 2807 1030 convivio
2850 961 3019 1028 clem

638 1071 1109 1158 Amphitryone
1169 1076 1236 1149 et
1295 1072 1585 1137 convivis
1642 1071 1897 1136 furetur
1938 1068 2308 1156 pelliculam
2326 1118 2343 1148 ,
2395 1090 2521 1156 qua
2544 1090 2684 1155 pro
2730 1066 3027 1154 stragula

636 1182 816 1245 veste
873 1178 946 1241 in
1007 1174 1264 1242 lectulis
1317 1175 1739 1242 Athenienses
1784 1195 1934 1241 usos
1978 1196 2115 1241 esse
2160 1179 2427 1241 constat.
2472 1173 2645 1241 Setis
2688 1175 2827 1240 noti
2869 1176 3025 1238 sunt

635 1281 953 1349 eiusmodi
1015 1282 1186 1349 fures
1246 1283 1621 1368 praesertim
1681 1303 1717 1346 e
1779 1284 1985 1366 poetis
2044 1281 2290 1351 Latinis
2308 1329 2325 1359 ,
2376 1302 2411 1347 e
2441 1281 2693 1366 -quibus
2738 1279 3023 1347 conferre

637 1387 956 1455 suffecerit
1001 1385 1334 1454 Catullum
1352 1434 1369 1466 ‚
1417 1409 1611 1453 carm,
1683 1385 1887 1453 XXV.
2556 1404 2564 1413 ·

726 1494 1006 1560 Revocat
1043 1497 1263 1559 autem
1299 1498 1475 1559 totus
1513 1492 1692 1558 locus
1730 1495 1800 1557 in
1836 1494 2216 1559 memoriam
2254 1492 2751 1559 Atheniensium
2773 1512 3027 1557 morem

639 1604 746 1666 τοῦ
809 1598 1070 1680 εἷκοξζειν
1135 1624 1205 1665 τε
1267 1599 1370 1663 xx)
1435 1598 1817 1680 ἀπεικάζειν
1862 1601 1930 1664 in
1978 1600 2315 1666 conviviis,
2384 1598 2553 1679 Quid
2598 1619 2693 1665 vs-
2740 1598 2780 1663 9
2827 1597 3027 1664 lateat

638 1706 756 1771 sub
818 1703 1148 1771 vocabulis
1207 1706 1709 1789 corruptissimis
1762 1704 1968 1776 καινὸς
2015 1704 2399 1783 θεατροτοιός
2444 1724 2633 1771 nemo
2680 1704 2887 1769 adhuc
2932 1705 3030 1768 in-

641 1809 892 1875 tellexit
911 1858 928 1887 ,
991 1831 1106 1894 pro
1166 1810 1400 1895 quibus
1462 1809 1941 1876 dubitabundus
2002 1830 2284 1895 propono
2354 1833 2393 1874 κ
2410 1833 2453 1873 οι
2470 1825 2508 1874 λ
2526 1834 2555 1874 ο
2572 1814 2607 1875 ὖ
2624 1834 2663 1875 ο
2682 1833 2699 1874 ι
2721 1834 2752 1873 ν
2815 1811 2859 1873 οἱ
2880 1833 2910 1888 ρ
2929 1833 2958 1873 ν
2976 1833 3031 1874 ο-

644 1916 732 1980 orl
749 1938 933 1993 arur,
984 1915 1460 1981 dubitabundus
1505 1915 1645 1981 dico
1664 1935 1683 1993 3
1731 1936 1884 1981 nam
1926 1913 2128 1986 καινὸς
2177 1935 2212 1981 e
2261 1939 2426 1980 κοιπ
2447 1915 2570 1988 νός
2618 1916 2725 1996 (cf.
2766 1914 3026 1981 Anaxil.

643 2022 718 2086 fr.
771 2020 834 2098 4,
863 2016 930 2100 ’7)
992 2020 1413 2107 depravatum
1468 2040 1602 2085 esse
1650 2020 1925 2086 dicerem
1943 2067 1960 2097 ,
2010 2022 2066 2085 si
2112 2025 2340 2105 aptum
2386 2043 2421 2087 e
2468 2020 2848 2101 όεκτροποιός
2899 2022 3030 2106 epi-

640 2127 864 2191 theton
907 2125 1134 2191 elicere
1178 2146 1451 2211 possem.
1501 2124 1626 2191 Sed
1671 2126 1750 2191 de
1793 2126 1896 2191 his
1941 2125 2201 2210 quidem
2248 2126 2361 2192 alii
2406 2127 2684 2195 videant.

2422 2242 2459 2275 ‹-

734 2329 1065 2396 Amnons
1109 2328 1188 2395 fr.
1241 2328 1359 2394 13:

1101 2446 1145 2497 t:
1198 2432 1492 2513 ἁρπάσας
1541 2432 1848 2511 μόνοιυλον
1896 2432 2067 2521 εὖόύς
2086 2482 2105 2512 ,
2153 2439 2280 2505 πῶς
2329 2435 2520 2509 δοκεῖς
2539 2454 2558 2514 3

1027 2574 1034 2583 ·
1098 2540 1340 2621 κούφως
1390 2541 1818 2615 «ἐνήλλετο.

647 2644 965 2713 Additum
1026 2646 1199 2719 εὐθὺς
1227 2712 1231 2716 ,
1261 2648 1475 2711 nescio
1527 2667 1610 2711 an
1654 2646 1889 2713 indicio
1937 2650 2055 2727 sit,
2104 2655 2358 2737 poetam
2406 2645 2651 2715 dedisse
2696 2648 3035 2714 Aoristum

647 2754 692 2817 ὦ
712 2778 741 2818 ν
762 2753 796 2827 ἦ
814 2766 855 2816 λ
875 2775 918 2816 οι
932 2777 970 2816 τ
989 2758 1092 2834 (ο).
1155 2751 1458 2820 Ceterum
1515 2775 1640 2820 non
1684 2753 1981 2839 displicet
2025 2755 2333 2822 Palmerii
2376 2757 2738 2822 coniectura
2753 2802 2771 2833 ‚
2822 2751 3032 2820 deleto

651 2859 892 2940 κούφως
939 2878 1146 2923 unum
1191 2858 1480 2924 facientis
1523 2878 1786 2924 versum
1830 2860 2247 2927 trochaicum.

739 3061 1084 3126 Arumu
1129 3060 1206 3124 st.
1256 3059 1319 3137 4,
1349 3058 1425 3127 ¹7:

830 3164 1267 3237 κονδύλους
1336 3165 1747 3232 πλοὶττειν
1812 3167 1875 3233 δὲ
1936 3171 2273 3249 Τελαμών,
2335 3170 2476 3242 τοὺς
2538 3169 2767 3241 καλοὺς
2812 3171 3030 3248 πειρᾶν
3156 3195 3166 3204 ·

1301 3339 1312 3350 ,
2772 3273 3030 3346 καπνός.

648 3379 985 3446 Undenam
1029 3380 1196 3444 mira
1233 3377 1476 3466 locutio
1513 3377 1830 3451 κονδύλους
1872 3378 2221 3446 vair-retu?
2267 3381 2401 3446 Aut
2436 3379 2628 3447 fallor
2664 3385 2779 3446 aut
2816 3380 3036 3445 subest

649 3485 802 3552 huic
846 3483 1160 3550 formulae
1204 3482 1509 3550 iocularis
1555 3481 1785 3550 allusio
1822 3485 1902 3550 ad
1942 3486 2196 3552 dulcem
2234 3485 2595 3573 placentam
2612 3533 2631 3565 ‚
2668 3506 2831 3570 quae
2868 3486 3035 3550 facte

649 3590 813 3656 ferre
831 3638 848 3668 ,
911 3609 1090 3655 caseo
1109 3636 1128 3666 ,
1191 3587 1356 3654 lacte
1374 3636 1392 3667 ,
1455 3587 1650 3654 melle
1708 3589 2005 3661 κόνδυλος
2056 3591 2404 3658 dicebatur.
2474 3589 2572 3658 Of.
2618 3591 3033 3676 Aristophan.

649 3695 797 3762 Pac.
851 3693 980 3759 123
1003 3715 1121 3779 sq„
1169 3693 1285 3760 ubi
1327 3692 1660 3782 Trygeeus
1706 3694 1961 3760 coelum
2004 3698 2325 3781 petiturus
2368 3697 2451 3762 ad
2494 3695 2761 3762 filiolas:

831 3799 902 3874 ἣν
949 3797 1001 3862 δ’
1049 3799 1172 3876 ἐγὼ
1219 3795 1287 3864 εὖ
1335 3797 1580 3878 πράξας
1628 3798 1780 3864 ἔλθω
1828 3800 2045 3878 πάλιν,
2090 3799 2252 3877 ἕξετ’
2298 3802 2360 3865 ἐν
2404 3797 2526 3884 ὥρᾳ

831 3902 1137 3982 κολλύραν
1179 3902 1478 3981 μεγάλην
1525 3903 1630 3968 καὶ
1685 3950 1741 3970 ..
1772 3952 1787 3968 .
1836 3904 2225 3971 κόνδυλον
2268 3905 2416 3984 ὄψον
2462 3906 2562 3970 ἐπ’
2608 3905 2809 3988 αὐτῇ,

649 4010 765 4075 ubi
821 4007 1099 4080 κόνδυλος
1161 4008 1409 4074 dictum
1469 4030 1603 4075 esse
1662 4010 1840 4089 παρὰ
1894 4011 2255 4091 προσδοκίαν
2298 4033 2415 4098 pro
2462 4010 2759 4082 κόνδυλος
2802 4009 3034 4076 latebit

649 4117 998 4180 neminem.
1059 4113 1162 4180 Ibi
1215 4113 1430 4180 Schol.
1487 4117 1836 4194 Δημήτριος
1886 4116 1916 4180 ό
1964 4116 2340 4188 Ζηνοδότειος
2384 4099 2799 4196 μεταγράψει
2860 4116 3035 4180 κάν-

650 4220 924 4296 δυλον,
995 4211 1025 4282 ὃ
1095 4214 1253 4289 εἶδός
1317 4219 1448 4282 ἔστι
1509 4223 1933 4296 πλακοῦντος,
1997 4220 2177 4285 ἁλλὰ
2232 4220 2338 4284 διὰ
2390 4221 2461 4284 τὸ
2522 4219 2713 4298 ὄψον
2772 4222 3033 4298 περιττὴ

649 4327 810 4402 (imo
871 4325 1114 4408 inepta)
1175 4325 1210 4397 ἧ
1273 4324 1688 4403 μεταγραφῆ.
1750 4323 1965 4388 Simili
2024 4323 2363 4392 tralatione
2408 4324 2715 4392 Anaxilm
2756 4328 3034 4396 seribere

649 4431 850 4499 etiam
895 4433 1192 4515 potuerat
1235 4430 1555 4502 κονδύλους
1601 4428 1890 4494 πέττει
1908 4452 1939 4491 ν
1984 4442 2128 4493 κτλ.
