3351 5463
696 344 825 410 138
1685 362 2074 411 ABSOETYLUS.

692 530 864 593 viros
930 527 1144 591 doctos
1204 547 1345 591 eam
1392 529 1502 589 vix
1550 546 1620 590 ac
1667 546 1746 589 ne
1795 528 1907 589 vix
1955 524 2216 609 quidem
2260 546 2634 591 memorare.
2706 522 3078 592 Menelaum

692 639 847 698 tunc
892 635 1199 718 temporis
1249 632 1455 697 odisse
1500 630 1736 696 liberos
1756 676 1792 709 ,›
1823 631 1902 695 ab
1948 629 2196 695 Helena
2236 632 2359 697 sibi
2399 638 2612 716 partos
2631 680 2647 708 ,
2691 635 2926 718 quippe
2961 636 3080 717 qui

694 741 878 824 quasi
939 740 1255 823 imagines
1318 742 1527 802 essent
1588 736 1882 803 mulieris
1947 736 2276 801 adamatae
2338 736 2449 801 sed
2513 736 2790 802 infidelis
2809 786 2825 815 ,
2888 738 3078 823 plane

692 849 956 909 naturae
1005 848 1496 908 consentaneum
1545 847 1660 907 est.
2680 922 2684 925 γ

782 950 927 1014 Non
972 954 1189 1014 tamen
1234 949 1396 1014 facio
1434 970 1583 1013 cum
1620 948 1958 1013 Karstenio
1978 995 1993 1024 ,
2036 948 2338 1013 addente:
2383 939 2623 1025 „etiam
2647 948 3081 1014 formosorum

686 1054 1041 1120 liberorum
1110 1058 1321 1141 gratia
1390 1058 1530 1119 viro
1600 1057 1812 1120 invisa
1828 1074 1844 1130 ;
1912 1056 2016 1119 cui
2076 1052 2264 1138 plane
2325 1075 2684 1140 congruum
2749 1060 2844 1119 est
2905 1056 3080 1140 quod

686 1161 987 1225 adiicitur
1033 1159 1179 1238 ἔρρει
1228 1164 1381 1224 πᾶσ’
1432 1159 1833 1240 Ἀφροδίτη.”
1885 1158 2132 1223 Revera
2176 1160 2243 1224 id
2290 1181 2418 1224 non
2466 1182 2823 1246 congruum
2859 1160 3079 1225 iudico

684 1271 751 1331 et
806 1267 1041 1331 idcirco
1107 1287 1322 1330 vereor
1381 1270 1459 1329 ut
1519 1268 1880 1329 coniectura
1899 1312 1915 1340 ,
1983 1267 2278 1348 quamvis
2339 1267 2672 1351 ingeniosa
2693 1313 2710 1343 ,
2775 1286 2925 1331 vera
2967 1268 3080 1329 sit.

684 1372 829 1437 Hoc
866 1392 1095 1456 nempe
1136 1370 1343 1435 multo
1384 1370 1617 1435 melius
1657 1370 2060 1445 adficeretur,
2103 1372 2158 1433 si
2201 1370 2448 1434 dictum
2486 1370 2740 1447 fuisset,
2778 1374 3079 1435 omnium

686 1479 791 1545 vel
878 1478 1484 1542 formosissimarum
1558 1475 1927 1561 puellarum
1997 1478 2276 1562 gratiam
2345 1479 2488 1541 viro
2557 1479 2838 1542 invisam
2914 1498 3078 1543 esse.

688 1584 975 1649 Fortasse
1044 1582 1193 1647 talis
1253 1585 1495 1647 mentio
1556 1581 1908 1646 inserenda.
1975 1580 2196 1665 Neque
2249 1603 2285 1646 a
2333 1580 2591 1647 Graecis
2637 1583 2928 1647 moribus
2974 1584 3084 1647 ab-

690 1690 947 1754 horrere
1009 1688 1174 1752 mihi
1234 1687 1509 1764 videtur,
1574 1685 1857 1751 Menelai
1905 1689 2177 1761 amicOS,
2226 1691 2302 1750 ut
2350 1708 2383 1751 e
2431 1692 2680 1772 torpore
2730 1690 2951 1753 virum
2997 1688 3086 1751 ad

691 1797 902 1859 vitam
944 1798 1345 1870 revocarent,
1396 1791 1643 1879 puellas
1691 1793 1994 1857 formosas
2014 1840 2030 1869 ,
2081 1792 2374 1856 tibicinas
2392 1840 2410 1869 ,
2453 1792 2839 1869 saltatrices,
2881 1792 3044 1858 alias
3064 1841 3081 1870 ,

692 1899 771 1965 ad
834 1920 986 1963 eum
1032 1899 1368 1964 adduxisse
1387 1948 1402 1976 ,
1452 1919 1727 1983 quarum
1771 1900 1985 1984 gratia
2031 1899 2085 1959 si
2135 1896 2425 1961 Menelao
2471 1900 2682 1963 invisa
2727 1898 2890 1976 suit,
2938 1901 3086 1962 iure

692 2005 818 2069 dici
864 2008 1079 2090 potuit
1118 2005 1474 2070 absentiam
1518 2003 1800 2069 Helenae
1849 2024 2104 2067 omnem
2153 2003 2520 2087 cupidinem
2567 2005 2627 2067 ei
2675 2005 3084 2068 exstinxisse.

693 2110 1060 2175 Scribamus
1106 2112 1315 2195 igitur

1416 2214 1734 2293 εὐμόρφων
1783 2214 1846 2276 δὲ
1895 2218 2174 2289 κορισκῶν

1416 2316 1671 2399 ἔχθεται
1707 2318 1910 2398 ’χάρις
1958 2318 2124 2395 ἀνδρί
2145 2340 2158 2355 ·

1418 2426 1717 2501 ὀμμάτων
1767 2424 1817 2486 δ’
1870 2424 1928 2485 ἐν
1976 2422 2271 2502 ἀχηνίαις

1417 2528 1559 2608 ἔρρει
1610 2531 1765 2593 mio-⁹
1819 2528 2182 2606 Ἀφροδίτα.

782 2636 884 2700 Ad
944 2657 1137 2722 quam
1196 2636 1538 2700 lectionem
1590 2634 1820 2698 afferre
1887 2632 2066 2697 lubet
2137 2654 2170 2697 e
2238 2632 2406 2697 Plat.
2477 2654 2638 2697 com.
2711 2633 2787 2699 fr.
2863 2633 2948 2698 69
2989 2635 3082 2699 Κ.

693 2743 951 2822 (Athen.
1005 2742 1089 2806 14
1136 2766 1197 2826 p.
1250 2740 1379 2807 665
1408 2741 1513 2822 D.)

1146 2846 1373 2916 αὐλοὺς
1420 2847 1471 2913 δ’
1524 2843 1759 2925 ἔχουσά
1809 2869 1899 2915 τις
1948 2843 2190 2921 κορίσκη
2241 2843 2497 2921 Καρικὸν
2546 2846 2735 2919 μέλος
2784 2868 2841 2908 τι

1142 2949 1488 3029 μελίζεται.

691 3057 761 3123 Si
825 3079 974 3122 vero
1034 3058 1153 3122 hae
1216 3057 1464 3143 puellae
1512 3059 1671 3121 viris
1720 3056 1923 3120 doctis
1969 3077 2093 3119 non
2139 3054 2424 3138 placent,
2473 3076 2598 3119 non
2643 3058 2868 3140 mag-ni
2913 3056 3083 3121 facio

689 3185 894 3248 neque
939 3166 1323 3228 acerrimum
1370 3183 1592 3228 earum
1640 3168 2181 3247 propugnatorem
2227 3181 2334 3224 me
2381 3161 2707 3245 praebebO.

780 3378 1013 3463 Agam.
1066 3374 1217 3440 452.
1269 3375 1427 3455 (459
1478 3374 1678 3454 Wkl.)

1412 3473 1465 3544 οἳ
1513 3480 1563 3542 δ’
1615 3481 1805 3543 αὐτοῦ
1857 3480 1990 3558 περὶ
2040 3489 2255 3560 τεῖχος

1412 3587 1603 3658 θήκας
1653 3584 1918 3656 Ἰλιάδος
1967 3589 2094 3662 γέὶς

1413 3691 1705 3769 εὔμορφοι
1755 3691 2163 3769 κατέχουσιν·
2217 3691 2323 3769 ἐχ·-

1414 3797 1522 3875 θρᾶ
1574 3797 1626 3859 δ’
1679 3795 1941 3878 ἔχοντας
1993 3797 2267 3874 ἔκρυψεν.

688 3903 865 3968 Haec
927 3910 1003 3966 ut
1062 3908 1231 3967 recte
1292 3902 1752 3988 intellegantur
1808 3904 2276 3967 observandum
2329 3901 2496 3985 quod
2540 3903 2728 3965 initio
2774 3902 3082 3985 strophae

688 4011 935 4073 dictum
982 4015 1112 4084 est,
1180 4008 1569 4084 multorum,
1622 4011 1734 4092 qui
1779 4009 1948 4092 apud
1997 4008 2256 4073 Troiam
2308 4007 2619 4084 cecidere,
2669 4006 3082 4072 solummodo

686 4118 923 4179 cineres
969 4120 1035 4179 et
1080 4135 1257 4178 arma
1299 4117 1367 4177 in
1413 4117 1691 4198 patriam
1736 4115 1999 4178 rediisse
2020 4163 2035 4191 ,
2087 4114 2310 4178 acerba
2356 4112 2810 4177 lamentatione
2859 4111 3082 4196 deplo-

684 4227 993 4284 ratorum.
1063 4219 1139 4282 In
1210 4220 1559 4305 ephymnio
1632 4219 1708 4282 de
1771 4222 1852 4282 iis
1915 4240 2122 4284 sermo
2185 4223 2315 4295 est,
2385 4221 2497 4303 qui
2551 4239 2746 4304 prope
2809 4217 3083 4283 Troiam

685 4325 922 4411 sepulti
969 4329 1139 4389 sunt.
1189 4325 1443 4388 Amaris
1490 4325 1700 4389 verbis
1748 4325 2001 4400 dicitur,
2052 4345 2156 4388 eos
2201 4345 2421 4388 revera
2469 4325 2824 4408 portionem
2869 4327 3084 4388 terrae

679 4431 912 4496 Iliacae
974 4435 1191 4495 nactos
1258 4451 1424 4520 esse,
1490 4451 1761 4516 agrum,
1826 4431 1937 4513 qui
1991 4430 2277 4494 hostium
2339 4430 2464 4493 fuit
2485 4477 2500 4506 ,
2551 4429 2906 4514 possidere,
2955 4429 3080 4493 sed
