3351 5463
354 315 387 343 1·
488 299 493 304 .

940 415 1147 462 oonnx
1192 417 1425 464 Aruns-1
1471 416 1960 464 nonmnuuus.
2509 399 2642 465 213

268 581 463 640 noctes
533 579 909 642 insumebat
976 579 1268 644 luctuoso
1344 579 1655 644 desiderio
1733 583 1799 643 et
1871 581 2225 664 imaginem
2295 601 2488 665 quam
2567 580 2646 646 ad

272 679 559 747 habitum
623 684 729 748 dei
791 683 977 748 liberi
1039 683 1358 748 formadat
1381 682 1453 765 (ἔ)
1501 684 1689 748 affixo
1729 687 1994 749 seruitio
2039 685 2278 749 diuinis
2325 686 2649 770 percolens

274 785 609 852 honoribus
670 792 809 874 ipse
870 791 1033 874 (ipso
1093 795 1183 868 u.)
1244 810 1379 854 sese
1429 789 1656 854 solatio
1704 789 2040 853 cruciabat.
2090 789 2448 854 Trhasillus
2493 812 2644 856 uero

277 914 561 979 praeceps
609 900 675 959 et
720 897 1099 959 temerarius
1148 902 1256 958 eet.

356 1111 461 1177 fol.
517 1111 605 1176 33
653 1117 748 1177 u0.
812 1086 922 1177 sed
978 1112 1198 1177 lancea
1258 1110 1418 1176 mali
1478 1109 1735 1204 Trasilli
1795 1131 1900 1175 me
1961 1112 2084 1176 tibi
2138 1111 2290 1176 fecit
2337 1113 2642 1180 alienum.

281 1219 422 1300 quod
478 1219 733 1281 audiens
805 1217 1048 1280 Charite
1110 1217 1366 1282 decoras
1412 1236 1608 1302 genas
1656 1216 2049 1280 seuientibus
2097 1216 2408 1301 palmulis
2451 1221 2648 1283 werbe·
2741 1217 2744 1222 ’

282 1325 453 1387 rabat.
502 1345 619 1388 nec
666 1328 883 1387 tamen
930 1345 1080 1387 cum
1126 1345 1419 1408 quaquam
1466 1329 1869 1385 matronarum
1905 1321 2210 1402 uirqinum
2246 1331 2471 1387 secreta
2509 1345 2646 1409 par-

282 1430 591 1514 ticipabat.
658 1429 768 1512 sed
828 1428 1064 1494 indicio
1129 1415 1427 1494 facino-ris
1474 1448 1735 1512 prorsus
1783 1426 2188 1493 dissimulato
2237 1433 2302 1494 et
2347 1432 2654 1515 nequissi-

282 1555 452 1598 mum
517 1556 955 1620 percussorem
1023 1537 1251 1620 punire
1314 1539 1376 1598 et
1439 1531 1825 1601 erumnabili
1886 1536 2022 1598 uite
2081 1555 2216 1616 sese
2278 1535 2649 1599 subtrahere
2757 1563 2765 1569 ·

284 1643 461 1706 tacite
507 1641 807 1706 decernit.
1948 1640 1958 1650 ’

368 1845 485 1924 Qui
528 1846 781 1929 scripsit
827 1845 999 1908 hunc
1045 1843 1330 1908 codicem
1380 1844 1599 1907 omisit
1648 1843 1864 1906 omnia
1898 1862 2058 1927 quae
2098 1841 2302 1928 uulgo
2339 1842 2649 1929 leguntur

287 1951 441 2013 inter
490 1950 749 2013 alienum
794 1951 993 2033 (Eyss.
1049 1947 1197 2013 140.
1234 1947 1296 2027 1)
1344 1953 1409 2012 et
1456 1949 1698 2010 decoras
1738 1968 1924 2026 ⁸qenas
1972 1947 2076 2024 (ib.
2127 1945 2194 2027 4)
2242 1952 2306 2012 et
2351 1947 2648 2013 lacunam

291 2054 569 2139 impleuit
628 2055 1069 2120 additamento·
1124 2054 1285 2138 quod
1341 2041 1594 2114 audiens
1664 2051 1928 2114 Charite.
1993 2051 2149 2115 Mox
2205 2051 2376 2116 oculi
2422 2055 2560 2118 eius
2610 2075 2647 2119 a

294 2161 510 2224 decoras
540 2183 725 2240 ,qenas
764 2160 843 2226 ad
878 2163 1089 2223 decora
1126 2158 1372 2221 brachia
1412 2158 1731 2222 aberrasse
1762 2156 2082 2232 uidentur,
2110 2162 2184 2220 ut
2208 2159 2648 2224 interiacentia

297 2267 577 2330 omiserit.
646 2264 914 2350 Scripsit
973 2265 1322 2328 verberabat
1366 2284 1479 2348 pro
1527 2263 1908 2343 converberat
1931 2257 2020 2325 ‘et
2065 2283 2322 2346 prorsus
2368 2285 2536 2328 noua
2581 2272 2646 2329 et

293 2370 539 2436 absurda
606 2371 791 2436 finxit
842 2371 1162 2435 scribens:
1235 2391 1531 2454 quaquam
1591 2375 1994 2431 matronarum
2055 2369 2362 2448 ui'ryinum
2421 2377 2646 2434 secreta

277 2478 688 2559 parbiczspabat.

366 2692 435 2757 In
488 2697 774 2782 margine
835 2693 961 2759 alia
1022 2712 1220 2759 manu
1282 2693 1437 2760 haec
1498 2715 1576 2759 ex
1632 2697 1810 2779 parte
1860 2692 2121 2778 quidem
2169 2698 2446 2759 correcta
2492 2701 2644 2760 sunt

289 2803 348 2859 et
403 2800 677 2885 expleta:
746 2806 854 2878 „at
912 2800 1029 2865 illa
1099 2807 1173 2865 ut
1219 2804 1506 2885 primum
1554 2804 1760 2864 mesta
1807 2802 2137 2884 quieverat
2186 2799 2368 2864 thoro
2414 2800 2644 2865 faciem

288 2902 577 2987 impressa
640 2909 775 2971 iam
850 2928 1018 2971 nunc
1094 2906 1413 2971 dormiens
1498 2904 1784 2970 lacrimis
1829 2979 1842 2995 .
1861 2905 2302 2969 emanantibus
2381 2904 2636 2969 decoras

291 3023 470 3087 genas
517 3011 824 3075 contundit
883 3016 947 3076 et
1008 3011 1194 3076 uelut
1256 3009 1531 3096 quodam
1596 3015 1917 3074 tormento
1963 3011 2250 3093 inquieta
2297 3011 2500 3093 quieti
2541 3030 2642 3073 ex-

294 3126 459 3177 cussa
510 3116 933 3201 redintegrato
992 3116 1173 3180 luctu
1236 3114 1565 3200 prolixum
1626 3112 1876 3179 heiulat
1937 3114 2318 3198 discussaque
2362 3111 2642 3179 interula

296 3216 497 3283 decora
535 3220 785 3286 brachia
828 3221 1220 3285 seuientibus
1269 3220 1576 3305 palmulis
1619 3220 1986 3283 neo-berabat.

381 3417 792 3499 Neapobitanus
822 3418 1045 3487 CLXI.
1087 3442 1312 3485 uerum
1353 3421 1691 3506 religiosae
1730 3422 2092 3484 necessitati
2113 3421 2420 3483 succubuit
2443 3419 2640 3485 uultu

299 3538 416 3581 uon
466 3524 706 3605 quidem
766 3525 957 3612 yllari
1004 3548 1235 3591 uerum
1282 3526 1471 3611 paulo
1518 3527 1831 3590 sereniore
1880 3523 2150 3587 obediens
2198 3531 2274 3588 ut
2322 3526 2640 3590 uidebatur

302 3625 631 3693 uiuentium
672 3633 894 3695 munia
937 3654 1145 3695 rursus
1189 3634 1256 3695 in
1286 3636 1557 3717 ,pectore
1594 3633 1728 3694 imo
1769 3651 1922 3694 uero
1959 3632 2214 3713 penitus
2253 3632 2321 3693 in
2360 3630 2637 3695 medulis

303 3746 369 3791 ac
419 3728 585 3795 luctu
642 3754 711 3799 ac
772 3757 1021 3800 merore
1084 3737 1376 3822 carpebat
1438 3739 1766 3811 animum,
1819 3735 2078 3818 diesque
2127 3739 2297 3801 totos
2345 3740 2679 3820 totasque.

300 3838 495 3897 noctes
539 3836 895 3917 impendebat
942 3842 1328 3919 (insumebat
1366 3846 1456 3920 u.)
1493 3839 1788 3904 luctuoso
1833 3837 2140 3903 desiderio
2181 3845 2254 3903 et·
2279 3840 2636 3925 imaginem

303 3934 590 4017 defuncti,
651 3964 838 4027 quam
900 3944 979 4008 ad
1039 3946 1336 4011 habitum
1397 3946 1521 4010 dei>
1557 3944 1748 4009 liberi
1808 3945 2199 4007 formauerat
2261 3943 2466 4009 adfixo
2514 3965 2637 4009 ser-

301 4041 448 4105 vitio
507 4044 727 4111 diuinis
771 4047 1119 4133 percollens
1166 4051 1512 4115 honoribus
1556 4052 1693 4135 ipse
1740 4048 1796 4110 si
1841 4070 1976 4113 sese
2024 4048 2248 4112 solatio
2296 4050 2638 4113 cruciabat.

304 4142 408 4205 sed
446 4148 711 4215 trasillus
754 4172 1045 4238 praeceps
1088 4154 1370 4240 alioquin
1412 4160 1476 4219 et
1516 4154 1591 4217 de
1630 4156 1772 4238 ipso
1810 4155 2067 4217 nomine
2107 4155 2484 4217 temerarius
2525 4161 2632 4217 cet.

392 4356 591 4425 altero·
610 4364 773 4429 loco:

396 4462 509 4525 noli
566 4469 849 4551 paticidio
907 4477 1164 4558 nuptias
1220 4480 1531 4563 auspicari
1579 4476 1849 4542 uulnera
1866 4522 1882 4553 ,
1932 4497 2206 4560 quorum
2255 4478 2629 4561 sanguinem
