3351 5463
606 368 735 435 166
1458 384 2107 437 οιιειιιινᾼωιυπουωιι

600 556 842 618 nissent
858 602 875 631 ,
923 558 1138 618 tamen
1185 556 1549 639 provinciae
1597 553 1673 618 de
1721 555 2114 618 tributorum
2163 555 2523 637 quantitate
2569 552 2734 617 nihil
2781 550 2999 617 deces-

602 678 826 723 surum
890 666 1058 737 erat,
1124 664 1632 745 eventurumque
1651 709 1666 737 ,
1737 666 1810 724 ut
1845 682 2153 741 possessor
2203 661 2604 747 (Campjanns
2638 680 2758 741 pro
2806 659 2998 722 desti-

602 764 753 828 tntis
799 764 1270 845 possessionibus
1318 813 1332 828 .
1363 813 1375 828 .
1409 813 1423 829 .
1454 816 1467 831 .
1519 766 1748 828 tributa
1807 767 2220 847 dependerem
2269 764 2342 845 l).
2415 765 2572 829 Erat
2635 768 2808 830 enim
2869 786 2998 848 per

600 874 961 957 provincias
1009 872 1401 938 tributorum
1449 893 1647 937 canon
1696 872 2029 949 definituS,
2080 893 2194 936 nec
2239 875 2375 936 veri
2424 875 2703 957 speciem
2751 873 2943 936 habet
2967 919 2990 947 ,

601 978 768 1063 quod
809 979 1029 1042 scribit
1068 977 1360 1065 Savigny
1388 978 1459 1059 ⁹),
1500 978 1642 1042 ideo
1685 981 1834 1063 quia
1874 979 2118 1044 tributa
2159 982 2498 1063 quotannis
2537 979 2777 1043 indicta
2815 980 2945 1041 sint
2971 1025 2994 1054 ,

600 1104 908 1149 canonem
966 1088 1303 1175 quotannis
1367 1085 1782 1149 determinari
1845 1083 2130 1148 solitum.
2195 1085 2363 1149 Nam
2421 1085 2782 1169 pertinebat
2827 1084 2994 1148 anti-

600 1192 821 1275 quitus
880 1190 1145 1256 indictio
1205 1191 1284 1256 ad
1330 1191 1831 1255 extraordinaria
1878 1211 2145 1254 munera
2175 1186 2246 1269 3),
2298 1190 2616 1256 ordinaria
2665 1212 2742 1255 ex
2789 1190 2988 1254 abun-

599 1287 777 1361 danti
837 1302 911 1359 ut
968 1296 1419 1374 indicerentur,
1470 1317 1606 1361 sero
1652 1295 1897 1382 placuit
1922 1295 1996 1374 ⁴).
2066 1294 2238 1361 Haec
2285 1298 2410 1360 nisi
2456 1302 2627 1361 certa
2673 1297 2987 1372 fuissent,

600 1402 867 1468 absurde
927 1403 1160 1468 Achivi
1219 1424 1379 1468 anno
1443 1401 1574 1467 424
1634 1404 1971 1488 protestati
2017 1408 2258 1480 essent,
2310 1406 2366 1467 si
2413 1402 2578 1467 nihil
2625 1402 2994 1487 postuletur

598 1506 769 1572 ultra
815 1510 1075 1572 tertiam
1120 1508 1516 1572 tributorum
1561 1513 1811 1594 partem
1830 1557 1845 1585 ,
1894 1530 1957 1570 se
2002 1508 2414 1571 indubitanter
2443 1509 2600 1593 fore
2639 1507 2879 1571 idoneos
2907 1507 2988 1586 ⁵),

600 1616 712 1698 qui
774 1612 976 1677 solida
1037 1616 1171 1677 sine
1219 1614 1412 1677 dubio
1461 1613 1845 1678 obtulissent
1863 1662 1878 1690 ,
1927 1616 1983 1677 si
2029 1615 2406 1699 contigisset
2450 1618 2677 1690 rector,
2725 1612 2992 1698 qualem

596 1716 923 1783 Iulianum
984 1715 1234 1783 Galliae
1282 1719 1678 1796 habuerunt,
1731 1720 1843 1803 qui
1892 1720 2131 1782 territis
2177 1719 2472 1783 hostibus
2520 1724 2585 1783 et
2631 1717 2992 1783 cultoribus

599 1825 879 1889 reductis
940 1829 1039 1889 tot
1099 1826 1306 1911 capita
1372 1825 1528 1890 olim
1590 1825 1838 1891 deserta
1883 1825 2147 1889 tributis
2195 1824 2472 1889 reddidit
2489 1874 2505 1902 ,
2554 1829 2630 1889 ut
2670 1826 2742 1888 in
2787 1844 2990 1908 quam

602 1952 927 1995 summam
988 1933 1284 1997 veniente
1348 1953 1420 1996 eo
1482 1934 1693 1997 viceni
1741 1933 1922 2015 quini
1954 1953 2075 2012 pro
2124 1930 2422 2011 capitibus
2466 1929 2726 2010 sinqubis
2773 1932 2992 2017 exige-

598 2042 842 2113 rentur,
910 2039 981 2100 in
1048 2036 1315 2101 eandem
1385 2037 1743 2101 discedente
1816 2058 1888 2100 eo
1957 2038 2204 2120 septeni
2268 2037 2446 2101 aurei
2507 2035 2864 2100 sufficerent
2905 2036 2985 2114 ο).

601 2140 860 2205 Talium
904 2146 1221 2207 rectorum
1268 2144 1489 2226 inopia
1537 2141 1839 2206 solemnis
1885 2145 2020 2206 erat
2057 2144 2538 2227 provinciarum
2573 2163 2754 2223 snper
2793 2142 2991 2203 deser-

603 2254 789 2309 torum
847 2246 1079 2310 nominc
1116 2247 1572 2332 bxpostulatio.
1624 2246 1786 2311 Sane
1834 2268 1959 2312 non
1977 2330 1984 2335 .
2005 2249 2181 2311 omni
2227 2247 2423 2311 huius
2468 2248 2722 2333 generis
2770 2267 2992 2331 quere-

601 2349 698 2415 lae
740 2351 791 2431 7)
875 2354 1225 2436 patientem
1293 2374 1516 2417 aurem
1583 2351 2009 2438 Imperatores
2078 2352 2639 2416 accommodabant
2711 2389 2795 2399 —
2864 2373 2984 2416 nec

601 2460 897 2541 poterant
943 2494 1027 2505 -
1070 2457 1279 2522 veluti
1321 2460 1678 2543 reportavit
1713 2456 2052 2541 aliquando
2092 2457 2308 2520 Africa
2347 2459 2531 2521 triste
2569 2460 2984 2542 rescriptum:

602 2584 796 2625 omnes
812 2610 829 2639 ,
894 2562 999 2647 qui
1049 2585 1169 2644 per
1230 2564 1513 2648 Africam
1574 2563 1890 2644 opulentas
1950 2565 2326 2647 desertasque
2373 2562 2675 2627 centurias
2699 2564 2753 2641 ⁸)
2789 2563 2995 2644 possi-

600 2669 781 2746 dent,
844 2669 928 2730 ad
984 2668 1281 2750 inteqrnm
1330 2668 1745 2756 professionis
1803 2671 2033 2733 modum
2093 2667 2434 2731 necessitati
2480 2667 2767 2751 publicae
2811 2669 2992 2733 satis-

672 2943 723 3002 1)
760 2941 832 2990 cf.
869 2956 908 2990 c.
945 2943 1007 2990 31
1046 2942 1099 2990 Ο.
1136 2941 1224 2992 Th.
1265 2941 1411 2991 11.1.

669 3023 724 3082 2)
768 3023 921 3074 Verm-
954 3024 1092 3072 Schr.
1128 3024 1183 3072 II
1215 3040 1263 3088 p.
1300 3024 1533 3073 128-130.
1569 3026 1862 3075 Adversatue
1897 3029 1970 3074 est
2004 3022 2256 3086 Huschke,
2304 3023 2449 3077 Ucber
2485 3027 2577 3077 den
2609 3027 2778 3078 Οσκεκε
2814 3026 2989 3090 (1847)

601 3108 703 3153 not.
740 3103 854 3155 277.

671 3187 726 3250 3)
773 3203 815 3236 c.
851 3185 897 3246 7,
944 3203 982 3236 c.
1020 3188 1049 3235 8
1082 3189 1133 3236 C.
1170 3187 1256 3236 Th.
1299 3187 1459 3249 11,16
1495 3189 1628 3248 (ann.
1665 3187 1808 3248 857>;
1855 3205 1896 3238 c.
1934 3190 1997 3238 10
2035 3190 2086 3238 C.
2125 3190 2214 3239 Th.
2251 3191 2332 3240 11.
2355 3192 2416 3239 16
2453 3191 2588 3255 (ann.
2625 3193 2758 3251 862).
2809 3194 2985 3256 Itaque

598 3270 791 3334 praeter
822 3269 1113 3318 annonarias
1155 3268 1208 3332 (i.
1232 3285 1271 3318 e.
1305 3269 1594 3326 ordinarias)
1628 3271 1827 3331 specics,
1863 3274 2022 3320 cetera
2056 3272 2317 3321 indictione
2339 3274 2748 3337 pcnd(eba)ntur.·
2781 3291 2822 3323 c.
2861 3277 2890 3322 3
2927 3277 2984 3326 C.

599 3350 673 3399 Th
727 3351 805 3399 11.
831 3352 854 3399 l
894 3351 1027 3413 (ann.
1064 3352 1210 3410 336„
1242 3351 1351 3398 illas
1384 3351 1513 3399 enim
1548 3353 1832 3400 consuetudo
1867 3352 2072 3415 deposcit
2110 3353 2309 3416 (Veget.
2347 3354 2442 3404 ΙΙΙ.
2483 3357 2554 3420 3).

666 3432 722 3496 4)
758 3449 795 3481 c.
838 3433 862 3479 l
902 3433 954 3480 Ο.
992 3431 1078 3479 Th.
1121 3433 1247 3480 11.6
1286 3432 1421 3495 (ann.
1455 3433 1601 3495 882);
1652 3433 1712 3481 cf.
1747 3449 1786 3481 c.
1824 3435 1888 3482 13
1926 3433 1981 3482 C.
2016 3433 2104 3482 Th.
2144 3436 2333 3492 11.16;
2381 3452 2421 3484 c.
2458 3437 2489 3484 2
2529 3437 2581 3484 C.
2621 3437 2707 3484 Th.
2743 3439 2884 3487 11.5.
2918 3465 2984 3475 —-·

599 3514 680 3563 Lis
724 3517 827 3562 erat
873 3514 1001 3562 inter
1046 3513 1289 3563 Valesium
1338 3517 1386 3562 et
1421 3515 1771 3564 Gothofredum
1807 3516 1890 3579 (ad
1927 3532 1960 3565 c.
2003 3517 2032 3564 1
2072 3516 2127 3565 C.
2167 3516 2252 3564 Th.
2293 3518 2372 3566 11.
2395 3519 2449 3582 5)
2486 3517 2872 3568 indicerenturne
2909 3536 2990 3568 or·

601 3595 801 3643 dinaria.
854 3594 944 3643 Sed
993 3598 1211 3658 tempora
1256 3594 1592 3657 distinguenda
1636 3599 1764 3644 sunt.
1811 3623 1878 3632 —
1922 3597 2003 3645 Ea·
2047 3597 2316 3646 abundanti
2347 3598 2518 3658 indici,
2552 3599 2720 3648 scribit
2757 3601 2988 3650 Mennier

601 3677 779 3739 (Nouo.
816 3691 906 3725 rev.
941 3676 1055 3724 bist.
1093 3676 1210 3724 XVI
1244 3692 1291 3739 p.
1328 3677 1423 3724 145
1459 3679 1560 3725 not.
1594 3680 1671 3740 4),
1703 3678 1830 3740 quod
1865 3693 2030 3728 verum
2069 3682 2142 3727 est
2175 3679 2461 3729 solemnium
2497 3683 2728 3746 respectu.

671 3757 725 3820 5)
761 3773 799 3806 c.
838 3759 901 3805 33
938 3758 990 3806 C.
1027 3757 1115 3805 Th.
1158 3758 1301 3807 11.1.

671 3840 721 3899 6)
755 3837 994 3887 Ammian
1030 3837 1193 3886 XVII.
1230 3839 1257 3884 5
1293 3838 1371 3900 (cf.
1406 3839 1688 3899 Zachariae,
1723 3840 1907 3889 Ztschr.
1944 3842 2030 3889 der
2065 3839 2176 3890 San.
2181 3844 2276 3890 ·.Sc
2315 3841 2385 3890 lx
2422 3859 2466 3906 p.
2504 3843 2601 3893 265
2637 3848 2737 3893 not.
2773 3844 2847 3906 2).

668 3919 723 3982 7)
776 3921 888 3969 Non
938 3919 1151 3978 auditur,
1196 3919 1277 3983 qui
1324 3920 1541 3984 privatus
1588 3921 1788 3970 fundum
1833 3921 2096 3987 populusve
2139 3923 2444 3972 territorium
2488 3925 2619 3974 velut
2649 3925 2984 3988 asanticorum

602 4005 719 4053 mole
764 4005 1025 4064 depressum
1040 4040 1051 4060 ‚
1098 4003 1228 4065 cupit
1274 4002 1577 4065 aliquatenus
1622 4005 1846 4062 relevari,
1893 4020 1978 4054 nec
1999 4004 2203 4067 patitur
2235 4021 2365 4053 omne
2401 4043 2412 4054 .
2435 4042 2446 4054 .
2467 4042 2477 4054 .
2515 4007 2729 4068 censesti)
2764 4010 2822 4069 (ο.
2859 4009 2891 4054 4
2930 4008 2985 4057 G.

602 4087 689 4135 Th.
731 4087 808 4134 13.
833 4087 931 4146 11),
965 4085 1101 4148 quia,
1139 4084 1259 4132 sicut
1296 4085 1507 4147 aequitas
1544 4087 1724 4149 poscit,
1759 4090 1839 4144 ut,
1873 4088 1999 4149 quod
2030 4086 2308 4147 impossibile
2339 4091 2425 4144 cst,
2464 4086 2512 4135 id
2546 4103 2573 4136 e
2607 4087 2805 4136 vasariis
2830 4089 2986 4151 publi·

602 4168 671 4216 cis
713 4169 972 4230 auferatur
1018 4167 1081 4228 (c.
1122 4167 1183 4214 13
1232 4167 1282 4215 C.
1320 4164 1406 4213 Th.
1446 4166 1649 4227 13.11)‚
1699 4167 1769 4215 ita
1813 4168 2032 4216 rationis·
2056 4172 2155 4227 est,
2204 4173 2260 4217 ut
2305 4169 2527 4232 squalida
2559 4151 2702 4232 atq'ue
2737 4169 2898 4218 ieiuna
2933 4171 2985 4218 in

602 4252 738 4298 culta
769 4254 912 4310 atquc
944 4247 1096 4310 opima
1130 4247 1381 4295 collatores
1415 4254 1705 4310 compensent
1742 4249 1805 4309 (c.
1841 4252 1873 4296 4
1907 4249 2014 4306 cit.;
2053 4265 2094 4296 c.
2133 4251 2190 4297 15
2226 4250 2366 4309 eod.).
2395 4250 2556 4298 Simili
2585 4251 2987 4315 compensationis

602 4331 789 4380 ratione
823 4331 1077 4393 Campanis
1110 4329 1362 4392 aliquando
1398 4333 1506 4378 octo
1540 4330 1836 4378 tributorum
1872 4335 2032 4394 partes
2067 4331 2291 4380 remissae
2325 4335 2463 4390 sunt,
2495 4333 2586 4382 hac
2613 4333 2897 4391 conditione,
2929 4339 2987 4382 ut

602 4413 751 4463 omnis
782 4428 919 4476 super
949 4413 1235 4460 desertorum
1261 4411 1444 4460 nominc
1469 4414 1661 4475 querela
1691 4412 1742 4459 in
1761 4407 2002 4474 pbsterum
2031 4415 2414 4477 conquisto-(eret)
2441 4417 2502 4477 (c.
2520 4415 2585 4465 12
2603 4415 2990 4477 0.'1'h.11.28).

673 4495 728 4560 8)
766 4497 836 4542 De
868 4493 975 4542 istis
1008 4493 1239 4542 centuriis
1272 4493 1458 4543 dicetur
1491 4493 1646 4552 infra,
1682 4493 1733 4543 id
1767 4498 1839 4543 est
1874 4510 1975 4558 cap.
2012 4495 2216 4545 LXXII.
