3351 5463
1180 413 1680 462 ARISTOPHANES.
2495 395 2626 462 279
2737 443 2744 448 -

517 578 919 644 κώδίνουσ’
966 579 1306 649 ἀκαλανθὶς
1358 578 1730 655 ἐπειγομένη
1781 579 2004 659 τυφλὰ
2052 578 2284 656 τίκτει,

514 685 822 758 ταύτην
868 683 1031 749 οὔπω
1079 689 1235 764 χρῆν
1282 684 1391 758 τὴν
1439 684 1666 762 εἰρήνην
1716 685 2103 758 πεποιῆσθαι.

258 790 371 856 Sed
428 791 718 863 τουτάκις
775 790 956 856 aliud
1005 784 1237 866 oelare,
1288 789 1458 874 quod
1505 790 1744 854 frustra
1792 811 2027 875 quaero
2046 839 2062 867 ,
2113 790 2463 856 verisimile
2511 796 2625 855 est.

256 895 521 962 Facilius
570 895 827 982 quidem
877 898 1052 960 nasei
1099 897 1315 979 potuit
1362 916 1396 959 e
1444 918 1525 959 το
1549 896 1580 959 ύ
1601 918 1684 958 το
1703 919 1721 959 ι
1741 921 1768 966 ς
1795 944 1809 969 ,
1861 896 1970 960 sed
2007 901 2178 960 reete
2219 898 2309 960 sie
2351 895 2475 961 diei
2515 917 2630 980 pro

257 1003 388 1082 πρὸς
435 1003 687 1072 τούτους
734 1023 861 1066 non
907 1003 1130 1086 probat
1192 1021 1288 1065 vs.
1343 999 1541 1064 1065.
1616 1000 2161 1086 Ingeniosioribus
2223 1004 2430 1088 igitur
2490 1023 2630 1066 rem

255 1111 599 1172 committo.
672 1106 853 1187 Quod
926 1109 1101 1171 enim
1172 1107 1328 1170 satis
1402 1104 1634 1170 leniter
1707 1109 1980 1172 conicias
2049 1106 2211 1171 τοῦδ’
2281 1107 2462 1188 ἄχρις
2485 1157 2501 1186 ,
2563 1108 2631 1172 id

254 1215 436 1298 probo
484 1212 777 1298 exemplo
824 1212 1078 1276 firmare
1126 1232 1393 1296 nequeo,

334 1429 440 1496 Vs·
496 1430 692 1495 1096.
1040 1489 1065 1512 ,

330 1536 529 1624 Tryg.
578 1501 725 1602 ἀλλ’
772 1537 799 1599 ὅ
846 1536 1037 1613 σοφός
1086 1558 1205 1599 τοι
1254 1537 1320 1608 νὴ
1369 1535 1469 1600 Δί’
1514 1533 1786 1614 Ὅμηρος
1843 1533 2034 1611 δεξιὸν
2080 1531 2284 1600 εἶπεν·

228 1644 233 1650 '
582 1643 913 1721 »ἀφρήτωρ
963 1639 1290 1715 ἀθέμιστος
1342 1639 1530 1707 κτλ.”

248 1746 509 1812 Malim:
583 1749 734 1811 ἀλλ’
783 1747 811 1810 ὃ
858 1747 1047 1826 σοφὸς
1094 1745 1276 1810 τάδε
1324 1747 1390 1815 νὴ
1443 1744 1547 1809 Δί’
1595 1749 1870 1825 Ὅμηρος
1922 1745 2110 1824 δεξιὸν
2157 1744 2382 1812 εἶπεν.

330 1963 433 2030 VS.
489 1964 685 2030 1113.
734 1965 935 2052 Tryg.
1482 1961 1728 2042 ἄλλως,
1782 1962 1824 2029 ὦ
1872 1971 2026 2045 τάν,
2076 1966 2405 2038 ἱκετεύεις·

583 2073 649 2136 οὐ
699 2073 824 2151 γαρ
872 2071 1248 2145 ποιήσεις
1298 2079 1457 2136 λεῖον
1507 2073 1609 2135 τὸν
1657 2071 1978 2153 τραχὺν
2031 2073 2250 2153 ἐχῖνον.

250 2177 365 2242 Pro
424 2176 669 2258 τραχὺν
729 2199 764 2242 e
812 2199 909 2244 vs.
963 2175 1136 2242 1086
1183 2177 1417 2257 τρηχὺν
1463 2179 1750 2242 restituit
1798 2175 2030 2254 Cobet,
2081 2178 2189 2243 sed
2238 2181 2348 2244 vix
2396 2177 2618 2244 dubito

250 2285 393 2367 quin
437 2281 681 2358 collate,
714 2281 936 2347 eodem
982 2303 1174 2347 versu
1212 2303 1325 2367 pro
1366 2285 1631 2358 ποιήσεις
1655 2329 1672 2360 ,
1716 2284 1887 2367 quod
1925 2283 2301 2370 glossatoris
2340 2284 2619 2361 videtur,

138 2427 145 2432 -
252 2387 674 2473 reponendum
720 2391 805 2452 sit
851 2411 985 2451 κεν
1044 2386 1280 2461 θείης.
1343 2387 1513 2452 Nam
1559 2389 1949 2474 ubicumque
1996 2410 2108 2474 per
2153 2396 2438 2454 metrum
2483 2390 2620 2458 fieri

253 2486 483 2577 potest)
547 2491 881 2579 Trygaeus
944 2495 1011 2556 in
1077 2491 1313 2557 talibus
1374 2493 1571 2576 (quod
1631 2492 1840 2558 multo
1894 2493 2132 2558 salsius
2196 2499 2318 2573 est)
2398 2493 2620 2559 eadem

251 2599 433 2663 verba
500 2600 758 2683 repetit.
831 2595 927 2663 Of.
998 2597 1170 2662 1086
1237 2619 1386 2663 oum
1454 2596 1647 2674 1106,
1722 2595 1892 2664 1076
1956 2621 2105 2664 eum
2173 2599 2368 2677 1112,
2443 2598 2617 2666 1074

254 2723 391 2768 cum
442 2701 637 2770 1107.
1993 2752 2000 2757 .

333 2902 437 2969 Vs·
490 2902 683 2969 1159.
780 2903 931 2980 ἡνίκ’
982 2898 1059 2967 ἂν
1105 2904 1159 2969 δ’
1206 2904 1454 2984 ἀχέτας

783 3008 903 3092 ᾄδῃ
951 3010 1052 3073 τὸν
1103 3008 1245 3083 ἡδὺν
1288 3008 1521 3088 νόμον,’

780 3116 1123 3179 διασκοπῶν
1175 3114 1396 3193 ἥδομαι

784 3219 901 3290 τὰς
944 3219 1231 3295 Λημνίας
1282 3220 1605 3295 ἀμπέλους

788 3326 838 3389 εἶ
890 3328 1288 3391 πεπαίνουσιν
1341 3327 1402 3402 ἥ-

791 3430 860 3505 δη
909 3432 1006 3512 (τὸ
1053 3431 1178 3509 γὰρ
1227 3437 1384 3511 Φῖτυ
1434 3432 1621 3511 πρῷον
1669 3430 1908 3511 φύσει),

790 3536 893 3600 τόν
940 3561 1010 3602 τε
1057 3539 1307 3617 φήληχ’
1356 3538 1496 3616 δρῶν
1544 3536 1868 3601 οἲδάνοντ’·

788 3638 894 3707 εἶθ’
952 3639 1183 3708 ὁπόταν
1232 3640 1266 3723 ἦ
1316 3642 1545 3721 πέπων,
1725 3636 1732 3642 ’

791 3748 960 3812 ἐσθίω
1010 3748 1351 3826 κάπέχω

786 3852 982 3935 χᾶμα
1030 3851 1237 3933 Φήμ’·
1275 3850 1487 3932 Ὠραι
1528 3852 1756 3934 φίλαι·
1807 3852 1914 3917 καὶ

789 3963 894 4023 τοῦ
945 3957 1134 4036 θύμου
1183 3957 1409 4034 τρίβων
1454 3965 1757 4033 κυκῶμαι.

258 4060 369 4126 Pro
407 4062 699 4142 κάπέχω,
741 4064 909 4148 quod
943 4062 1241 4149 intellegi
1279 4066 1534 4147 nequit,
1576 4064 2187 4147 proptersequentia
2211 4064 2447 4126 conieci
2486 4060 2622 4125 καὶ

258 4166 303 4241 β
315 4167 462 4232 δέω.
499 4167 595 4236 Of.
628 4168 835 4234 Schol.
862 4193 899 4232 κ
919 4194 951 4233 υ
972 4193 1008 4233 κ
1027 4176 1068 4233 ὦ
1086 4194 1134 4247 μ
1156 4191 1265 4233 αι·
1301 4176 1604 4240 κυκεῶνας
1632 4169 1803 4256 ἐσθίω
1832 4174 1937 4248 (an
1964 4170 2233 4233 κυκεῶνα
2259 4164 2638 4248 σκευάζωῖ).’

256 4270 369 4336 ἄνω
414 4279 533 4352 (vs.
585 4272 744 4356 712)
791 4280 872 4353 τῷ
923 4278 1087 4354 ποτῷ
1137 4276 1220 4355 τῶ
1269 4276 1394 4340 ἀπὸ
1441 4282 1550 4348 τῆς
1598 4268 1927 4353 γλιῖχῶνός
1971 4280 2127 4353 φησι
2169 4276 2438 4353 χρῆσθαι
2479 4273 2622 4352 πρὸς

258 4378 357 4451 τὴν
416 4380 670 4461 ὀπώραν,
739 4386 838 4445 νῦν
904 4380 967 4444 δὲ
1028 4383 1111 4458 τῷ
1179 4380 1346 4469 θύμῳ
1407 4388 1697 4459 χρῶνται.
1763 4380 1936 4455 μετὰ
2001 4380 2064 4444 δὲ
2112 4379 2182 4443 τὸ
2232 4380 2342 4451 τὴν
2388 4379 2626 4456 ὄπώραν

258 4491 485 4562 Φαγεῖν
547 4488 815 4550 κυκεῶνα
887 4488 1121 4552 πίνουσι
1187 4484 1291 4549 καὶ
1355 4488 1422 4549 οὐ
1486 4482 1930 4564 βλάπτονται,
1995 4466 2172 4550 ἀλλὰ
2234 4484 2341 4549 καὶ
2389 4490 2626 4563 παχεῖς
