3351 5463
1270 381 1591 428 xerA‘rA.
2536 361 2667 429 367

286 540 475 624 ἄνδρα
541 543 907 621 ἐξελθεῖν
970 542 1251 626 ἄρχονται
1314 543 1419 608 καὶ
1484 541 1744 612 δύναμιν
1806 544 1873 607 ἐκ
1919 543 2385 620 Λακεδαίμονος
2431 541 2538 620 ὅση
2589 543 2666 608 ἂν

287 651 462 732 ταχὺ
526 647 873 725 ἐξέλθοι.
939 646 1109 715 Cum
1166 649 1479 714 aoristum
1538 652 1794 734 tempus
1842 649 1947 714 hic
1993 669 2223 734 parum
2267 649 2668 736 intelligam,

288 758 577 842 cogitavi
625 756 701 821 de
746 755 979 820 Dorico
1026 755 1221 825 verbo
1272 752 1644 834 ἐξέρπειν
1695 758 1760 820 et
1805 753 2148 833 ἐξέρποι.

377 859 581 928 XCII.
651 859 811 928 Ibid.
860 860 934 925 V.
986 860 1049 926 2.
1078 859 1199 926 25:
1252 858 1850 940 ἐςρατοπεδεύσαντο
1897 858 2010 938 ἔξω
2053 867 2165 934 τῆς
2205 858 2442 932 πόλεως
2491 862 2668 939 περὶ

289 966 360 1031 τὸ·
404 967 771 1044 γυμνάσιον.
820 966 1041 1052 Longe
1087 965 1323 1031 melius
1369 970 1497 1030 est:
1548 966 1767 1044 παρὰ
1817 967 1885 1030 τὸ
1933 963 2292 1044 γυμνάσιον.
2749 963 2754 969 ’

382 1071 614 1140 XCIII.
686 1071 847 1138 Ibid.
901 1071 975 1137 V.
1040 1071 1104 1136 2.
1132 1068 1255 1138 27:
1320 1079 1583 1153 πολλῇ
1651 1071 1906 1149 δυνάμει
1968 1071 2288 1147 βοηθήσεις
2353 1073 2669 1156 τοὶδελφῷ.

294 1176 627 1264 oppositio
672 1177 960 1264 flagitat:
1009 1177 1217 1242 πολὺ
1268 1177 1572 1242 πλέονι.

380 1280 608 1351 XCIV.
678 1283 839 1348 Ibid.
889 1281 963 1348 V.
1013 1282 1075 1348 2.
1106 1282 1193 1348 32
1238 1282 1726 1348 Lacedaemonii
1771 1303 1960 1369 aegre
2007 1283 2221 1348 ferunt
2267 1283 2434 1369 quod
2481 1285 2684 1350 Phoe-

290 1390 467 1476 bidas
531 1391 597 1453 οὗ
675 1388 1323 1476 προσταχθέντα
1397 1388 1510 1452 ὑπὸ
1572 1397 1684 1465 τῆς
1751 1387 1988 1460 πόλεως
2054 1391 2239 1452 ταῦτ’
2308 1389 2678 1468 ἐπεπράχει.

294 1495 686 1564 Commendo
747 1496 1187 1560 accusativum
1251 1493 1620 1560 absolutum
1675 1517 1927 1571 προστ
1948 1518 1990 1558 α
2006 1493 2223 1575 χθέν.
2281 1492 2377 1561 Cf.
2425 1494 2580 1581 Lys.
2623 1517 2676 1560 c.

294 1600 667 1668 Nicomach.
716 1597 855 1684 §22
906 1587 1296 1680 προσταχθὲν
1342 1601 1469 1680 γὰρ
1516 1601 1684 1680 αὐτῷ
1737 1598 2112 1686 ἀναγράψαι
2162 1599 2304 1672 τοὺς
2353 1598 2568 1675 νόμους
2617 1607 2682 1666 et

291 1706 623 1776 Demosth.
672 1727 725 1770 c.
773 1705 1106 1792 Polyclem
1151 1705 1334 1790 §122
1402 1706 1792 1786 προσταχθέν
1839 1729 1942 1783 μοι
1993 1705 2108 1770 ὑπὸ
2155 1710 2262 1770 τοῦ
2313 1705 2505 1852 δήμου
2552 1708 2682 1772 Μέ-

293 1838 448 1878 νωνα
498 1810 704 1890 ἄγειν.
2719 1889 2742 1905 .

379 1917 574 1988 XCV.
644 1916 806 1985 Ibid.
857 1916 931 1983 V.
978 1915 1038 1982 3.
1066 1917 1155 1982 20
1216 1915 1459 1983 solebat
1520 1915 1890 2004 Agesipolis
1940 1916 2266 2004 Agesilao
2299 1917 2432 1982 καὶ
2501 1917 2599 1993 ἡβ
2622 1943 2683 1992 η-

294 2026 534 2090 τικῶν
585 2024 688 2088 καὶ
739 2024 1091 2102 θηρευτικῶν
1149 2023 1251 2087 καὶ
1302 2023 1568 2088 ἱππικῶν
1614 2045 1720 2087 και
1771 2021 2065 2088 παιδικῶν
2113 2021 2314 2100 λόγων
2361 2023 2620 2101 μετέχει
2615 2046 2677 2088 ν.

298 2130 463 2198 Cum
524 2149 709 2215 reges
774 2128 1012 2214 dispari
1070 2133 1275 2194 aetate
1335 2133 1579 2207 essent,
1644 2134 1720 2195 ut
1765 2128 2128 2215 Agesipolis
2173 2128 2462 2214 Agesilai
2506 2127 2680 2194 filius

212 2268 223 2276 ·
296 2242 507 2324 posset
576 2256 713 2302 esse
732 2282 749 2313 ,
813 2238 927 2300 nos
992 2237 1305 2300 miramur
1373 2235 1638 2300 fortasse
1702 2237 1901 2300 etiam
1963 2234 2040 2300 de
2099 2236 2289 2300 rebus
2351 2237 2680 2300 amatoriis

294 2348 458 2410 inter
504 2365 615 2410 eos
658 2362 979 2410 sermones
1026 2342 1223 2406 fuisse
1267 2340 1551 2418 habitos;
1604 2341 1716 2407 sed
1753 2343 1847 2406 ita
1886 2345 2014 2406 est:
2058 2343 2255 2408 etiam
2291 2341 2680 2406 Plutarchus

298 2454 363 2516 in
408 2449 558 2516 Vita
604 2447 894 2534 Agesilai
940 2468 995 2511 c.
1044 2445 1133 2512 20
1178 2446 1352 2512 idem
1398 2445 1696 2514 tradidit:
1726 2446 1917 2532 εἰδὼς
1959 2441 2058 2510 οὖν
2106 2443 2313 2526 ἔνοχον
2357 2444 2500 2510 ὄντα
2549 2455 2679 2518 τοῖς

302 2558 602 2636 ἐρωτικοῖς
650 2554 753 2621 τὸν
802 2553 1233 2631 Ἀγησίπολιν,
1277 2550 1474 2634 ὥσπερ
1514 2549 1582 2628 ἦν
1622 2553 1832 2631 αὐτός,
1871 2554 1972 2618 ἀεί
2008 2576 2166 2624 τινος
2209 2553 2449 2632 ὑπῆρχε
2490 2551 2680 2631 λόγου

302 2663 430 2743 περὶ
488 2668 605 2726 τῶν
654 2661 716 2724 ἐν
764 2656 905 2745 ἄρα.
955 2659 1175 2726 Etiam
1220 2659 1539 2726 Antonius
1588 2657 2088 2753 etnOctavianus
2134 2659 2346 2724 multa
2391 2659 2682 2737 συνηράσ-

302 2771 489 2843 θησαν
551 2768 654 2833 καὶ
722 2765 1288 2833 συνενεανιεύσαντο
1351 2765 1540 2831 Dion.
1605 2764 1777 2832 Cass.
1841 2765 1946 2832 LI.
2011 2765 2074 2830 8.
2107 2766 2165 2831 1.
2227 2766 2452 2833 Restat
2513 2764 2684 2850 quod

304 2874 607 2953 ἧβητικοὶ.
644 2872 819 2950 λόγοι
888 2876 1202 2957 quantum
1265 2874 1451 2948 novi,
1500 2874 1635 2936 sine
1685 2870 2004 2957 exemplo·
2027 2872 2184 2937 dicti
2228 2874 2379 2936 sunt
2422 2892 2536 2937 nec
2581 2891 2684 2935 ue-

302 2981 552 3067 gligam
616 2980 947 3045 turbatum
1000 2982 1277 3062 quatuor
1323 2976 1786 3043 adiectivorum
1836 2977 2144 3043 ordinem.
2193 2975 2684 3061 Xenophontem

305 3109 449 3158 cum
508 3090 646 3172 ipse
709 3084 1010 3151 venandi·
1043 3084 1257 3150 studio
1319 3088 1661 3161 teneretur,
1728 3082 1914 3147 aliter
1973 3085 2300 3168 scripsisse
2363 3085 2648 3167 suspicor
2663 3102 2680 3159 ;

305 3192 545 3259 scilicet
605 3190 969 3278 Agesipolis
1028 3189 1272 3257 solebat
1322 3188 1623 3275 Agesilao
1671 3213 1922 3265 κυνηγ
1943 3195 2175 3253 ετικῶ
2197 3212 2224 3253 ν
2273 3189 2376 3253 καὶ
2427 3189 2686 3265 θηρευτι-

305 3303 416 3363 κῶν
478 3298 583 3362 καὶ
647 3298 912 3361 ἱππικῶν
973 3295 1079 3359 καὶ
1146 3293 1441 3359 παιδικῶν
1489 3293 1690 3371 λόγων
1740 3293 2054 3373 μετέχειν.
2107 3292 2266 3359 Vide
2313 3293 2685 3359 eorumdem

304 3395 763 3470 vocabulorum
839 3403 1352 3467 coniunctionem
1419 3399 1589 3485 apud
1655 3399 2080 3465 Plutarchum
2148 3402 2217 3464 in
2284 3398 2432 3464 Vita
2499 3398 2684 3464 Fabii

308 3530 357 3575 c.
403 3508 529 3575 2οε
580 3509 720 3582 τοὺς
765 3506 1059 3578 ἱππικοὺς
1110 3506 1213 3571 καὶ
1264 3505 1696 3581 κυνηγετικούς
1747 3510 1812 3569 et
1858 3503 2088 3571 Moral.
2135 3526 2197 3589 p.
2242 3503 2440 3569 5213:
2491 3504 2685 3583 θηρευ-

308 3618 468 3678 τικοῦ
519 3613 581 3678 δὲ
630 3613 732 3677 καὶ
770 3616 1201 3693 κυνηγετικοῦ.

392 3717 619 3786 XCVI.
698 3718 857 3785 Ibid.
922 3718 995 3783 V.
1062 3718 1124 3783 4.
1163 3716 1236 3782 5:
1310 3716 1443 3782 ἐπεὶ
1518 3716 1577 3781 δὲ
1643 3716 1817 3795 ταχὺ
1882 3714 2334 3793 ἐμεθύσθησαν,
2413 3714 2679 3781 παλαι

308 3826 665 3891 κελεύοντων
728 3824 910 3902 ἄγειν
972 3827 1093 3897 τὰς
1142 3823 1392 3902 ἑταίρας
1444 3872 1459 3890 .
1491 3872 1505 3889 .
1538 3871 1551 3888 .
1600 3828 1665 3888 et
1713 3844 1871 3908 quae
1919 3828 2293 3908 sequuntur,
2339 3842 2490 3887 nam
2534 3830 2686 3888 nota

307 3930 521 3995 fabula
566 3935 681 3995 est.
742 3930 904 3997 Rem
948 3933 1005 3997 si
1048 3932 1215 3995 mihi
1259 3931 1417 3995 bene
1461 3935 1894 4015 repraesent0‚
1955 3934 2098 4014 post
2144 3930 2685 4013 compotationem

310 4036 570 4101 demum
630 4038 951 4101 iusserunt
1011 4038 1313 4103 convivae
1362 4034 1774 4101 mulierculas
1817 4034 2172 4113 introduci,
2220 4037 2437 4119 itaque
2483 4054 2683 4119 quum

308 4140 643 4226 Phyllidas
702 4147 1015 4225 quantum
1076 4147 1325 4228 poterat
1388 4161 1647 4227 operam
1694 4140 1967 4205 dedisset
2013 4146 2088 4205 ut
2132 4143 2259 4205 cito
2307 4140 2688 4206 inebriaren-

308 4249 432 4321 tur,
479 4265 607 4308 non
652 4248 998 4314 verisimile
1045 4254 1141 4313 est
1189 4269 1293 4313 eos
1340 4245 1547 4311 ποὶλαι
1596 4249 1889 4322 iussisse,
1941 4246 2050 4310 sed
2096 4247 2204 4310 πά
2226 4271 2327 4310 νυ.

398 4346 659 4415 XCVII.
728 4350 788 4416 N
791 4356 1061 4439 egabant
1108 4359 1323 4419 autem
1366 4351 1671 4417 mulieres
1717 4351 1868 4417 illae
1917 4341 2251 4421 arcessitae
2288 4358 2354 4416 se
2391 4355 2686 4419 convivio

308 4455 612 4523 interesse
657 4454 856 4539 velle,
908 4458 965 4527 εἴ
1008 4483 1103 4533 τις
1152 4465 1297 4525 τῶν
1347 4456 1735 4525 διακόνων
1783 4454 1940 4524 ἔνδον
1992 4454 2182 4523 ἔσοιτο
2227 4460 2445 4545 itaque
2493 4457 2688 4548 Phyl-
