3351 5463
1317 383 1639 428 κΕΡΜΑτΑ.
1987 437 1992 442 ,
2479 437 2486 444 ‚
2543 366 2672 432 365

284 551 361 614 in
426 552 676 634 patenti
742 549 1012 636 Aegaeo·
1099 547 1244 615 Non
1312 551 1525 636 magis
1596 548 2220 616 Biichsenschiitzius
2288 552 2671 617 satisfaciet:

289 652 540 732 „Unter
579 654 689 719 der
726 663 1083 736 παραγωγῇ
1125 661 1241 718 τῶν
1284 661 1495 719 κωπῶν
1537 675 1720 728 muss
1757 655 1929 721 wohl
1963 658 2102 720 eine
2128 657 2672 742 cigenthiimliche

288 759 637 846 Wendung
691 759 802 824 der
857 758 1075 824 Ruder
1133 759 1511 842 verstanden
1573 763 1710 826 sein
1728 808 1744 838 ,
1809 760 2010 826 durch
2075 761 2313 827 welche
2375 765 2479 827 ein
2523 766 2676 827 weit

285 866 590 931 horbares
628 862 956 930 Gerausch
994 865 1318 931 derselben
1357 866 1725 931 vermieden
1763 866 2045 933 wurde.'’
2093 867 2218 933 Sed
2255 868 2374 933 hoc
2413 869 2668 953 quidem

286 977 389 1036 est
449 971 749 1036 deludere
807 970 1072 1036 lectores
1136 976 1202 1036 et
1246 971 1603 1056 simplicius
1645 972 1872 1036 fuisset
1890 1021 1907 1050 ,
1958 975 2012 1036 si
2057 973 2674 1039 Biichsenschfitzius

286 1079 646 1162 scripsisset
713 1076 930 1141 locum
990 1077 1116 1169 sibi
1175 1061 1404 1162 parum
1463 1076 1868 1143 intellectum
1928 1098 2081 1143 esse.
2151 1079 2272 1144 Est
2331 1083 2547 1145 tamen
2606 1083 2676 1145 in

288 1186 505 1268 aprico
558 1182 716 1268 quid
778 1182 1134 1267 Xenophon
1191 1185 1567 1248 narraverit.
1630 1183 1998 1249 Admodum
2061 1183 2314 1250 difficile
2373 1191 2502 1264 est,
2559 1187 2674 1252 ubi

285 1309 567 1375 magnus
636 1293 731 1353 est
804 1290 1134 1373 remigum
1202 1309 1507 1353 numerus
1525 1337 1542 1367 ,
1617 1293 1782 1354 mari
1841 1292 2216 1374 praesertim
2234 1339 2250 1368 ,
2315 1311 2534 1356 curare
2597 1296 2674 1356 ut

282 1397 449 1459 remi
506 1393 863 1458 identidem
923 1393 1145 1458 eodem
1206 1399 1493 1479 tempore
1556 1397 1625 1458 in
1681 1415 1916 1479 aquam
1960 1397 2402 1460 immittantur
2447 1403 2512 1461 et
2557 1397 2679 1462 tol-

280 1499 523 1565 lantur.
572 1499 795 1584 Itaque
839 1497 1049 1563 adstat
1097 1499 1391 1572 κελευςῆς
1412 1547 1428 1576 ,
1478 1503 1586 1583 qui
1634 1502 1992 1586 remigibus
2027 1504 2302 1585 imperat
2341 1508 2416 1566 ut
2454 1523 2676 1568 omnes

282 1605 485 1671 simul
552 1607 749 1671 remis
808 1605 1217 1681 incumbant,
1284 1604 1508 1670 deinde
1574 1605 1800 1671 eodem
1862 1613 2150 1692 tempore
2211 1607 2408 1672 simul
2455 1629 2675 1674 omnes

281 1711 533 1777 tollant.
597 1709 757 1775 Tam
817 1711 1246 1774 necessarium
1311 1710 1432 1775 hoc
1493 1715 1590 1775 est
1651 1717 1942 1779 κελευςοῦ
1989 1715 2427 1778 ministerium
2478 1734 2674 1799 quam

282 1821 423 1883 eius
472 1819 586 1902 qui
629 1817 895 1881 musicis
940 1817 1009 1879 in
1055 1816 1441 1902 symphonia
1484 1819 1781 1902 imperat.
1845 1817 1906 1882 N
1906 1818 1959 1882 il
2005 1817 2133 1884 tale
2148 1868 2165 1897 ,
2213 1819 2434 1897 fateor,
2484 1819 2676 1886 fiebat

282 1925 353 1987 in
414 1921 603 2008 galea
618 1942 636 2000 ;
700 1921 809 1986 sed
854 1919 987 1986 illic
1034 1921 1368 2007 flagellum
1410 1924 1689 2008 remiges
1729 1926 1826 2002 in,
1849 1923 2052 1988 officio
2099 1927 2482 1990 continebat.
2550 1925 2673 1991 Sed

285 2027 625 2114 Gorgopas
693 2047 897 2111 quum
964 2029 1245 2113 remiges
1313 2027 1575 2093 haberet
1636 2029 1940 2093 diuturno
2001 2028 2214 2094 labore
2261 2033 2636 2097 exercitatos
2655 2081 2672 2110 ,

288 2135 674 2220 praesertim
734 2131 985 2219 placido
1044 2135 1211 2197 mari
1260 2122 1345 2182 '--
1391 2155 1543 2198 nam
1604 2137 1663 2199 si
1723 2140 1965 2200 ventus·
2016 2141 2268 2200 coortus
2312 2143 2509 2214 esset,
2559 2143 2673 2201 aut

284 2239 431 2306 vela
500 2240 753 2304 fecisset
772 2284 787 2315 ‚
862 2241 974 2302 aut
1046 2242 1214 2304 certe
1275 2239 1696 2306 Athenienses
1755 2262 1941 2306 voces
2005 2247 2120 2305 τῶν
2149 2298 2154 2304 ,
2184 2248 2484 2309 κελευςῶν
2527 2247 2672 2307 'non

287 2347 649 2431 potuissent
719 2343 1018 2409 exaudire
1068 2381 1151 2396 ——-
1203 2349 1522 2431 praecepit
1592 2332 1668 2410 ut
1735 2350 2012 2433 remiges
2030 2395 2047 2425 ,
2077 2397 2092 2410 .
2119 2369 2322 2432 quum
2383 2348 2673 2414 hortator

284 2457 401 2517 aut
460 2455 698 2515 taceret
764 2454 901 2516 aut.
938 2457 1140 2527 certe,
1203 2451 1406 2515 sicubi
1456 2452 1613 2516 forte
1670 2473 1832 2536 opus
1878 2456 2076 2530 esset,
2125 2455 2471 2518 summissa
2515 2475 2670 2519 voce

286 2559 595 2632 uteretur,
659 2556 847 2619 unice
910 2554 1319 2619 attenderent.
1371 2556 1450 2620 ad
1511 2551 1906 2641 aequabilem
1971 2563 2033 2622 et
2081 2559 2269 2622 certis
2312 2558 2671 2624 intervallis

282 2663 661 2728 redeuntem
723 2681 1051 2745 remorum
1116 2662 1499 2745 strepitum.‘
1544 2661 1726 2743 Quod
1787 2668 2004 2728 autem
2067 2665 2192 2728 viri
2253 2663 2422 2728 docti
2468 2666 2672 2749 suspi-
2733 2677 2742 2686 ·

282 2772 513 2837 cantur
558 2770 838 2853 remiges
884 2788 1010 2831 non
1058 2764 1185 2830 alte
1231 2787 1441 2831 remos
1486 2770 1556 2831 in
1593 2789 1826 2854 aquam
1863 2772 2282 2855 immersisse,
2327 2754 2446 2836 hoc
2485 2772 2668 2836 credo

281 2894 433 2939 sane
450 2921 466 2951 ,
516 2893 669 2938 nam
712 2876 1156 2957 praeterquam
1203 2874 1271 2936 in
1317 2871 1661 2956 procelloso
1707 2877 1874 2940 mari
1920 2876 2040 2939 hoc
2088 2897 2276 2941 nemo
2313 2876 2500 2954 facit,
2541 2879 2668 2942 nisi

280 3002 407 3067 quo
450 2979 552 3044 die
588 2980 877 3063 primum
916 2982 1193 3042 transtro
1232 2979 1532 3043 consedit.
1580 2980 1722 3045 Hoc
1759 2986 2102 3065 postquam
2139 2984 2315 3046 iusto
2347 2986 2666 3067 copiosius

281 3084 797 3163 enucleavimus,
862 3086 1152 3168 sequitur
1215 3090 1289 3148 ut
1349 3086 1687 3151 videamus
1747 3086 1846 3151 de.
1884 3086 2022 3151 loco
2079 3087 2503 3165 emendando,
2552 3109 2666 3152 nec

278 3192 478 3256 nimis
539 3190 736 3256 ardua
796 3211 895 3254 res
957 3194 1074 3255 est.
1137 3190 1433 3271 Strepitum
1450 3239 1466 3268 ,
1532 3191 1714 3256 credo
1731 3239 1748 3269 ,
1802 3187 2040 3255 Graece
2089 3192 2384 3268 πάταγος
2432 3192 2667 3256 dicitur

278 3303 345 3363 et
406 3295 773 3363 verosimile
829 3301 927 3361 est
974 3296 1267 3360 dativum
1315 3297 1591 3374 πατάγῳ
1637 3300 1708 3361 in
1755 3307 2114 3377 παραγωγῇ
2163 3298 2408 3383 abiisse.
2481 3297 2665 3376 Quod

206 3448 211 3452 -
278 3404 360 3469 ad
422 3402 615 3467 illum
675 3402 851 3466 λίθων
910 3399 1115 3482 ψόφον
1178 3403 1443 3479 attinet,
1511 3402 1589 3466 de
1633 3423 1759 3487 quo
1805 3407 2055 3486 praeter
2103 3401 2664 3467 Breitenbachium

280 3529 502 3575 omnes
569 3513 779 3573 tacent
796 3555 813 3584 ,
886 3526 1037 3570 cum
1108 3510 1387 3572 sentiant
1446 3528 1513 3573 se
1574 3507 1740 3572 nihil
1803 3506 2020 3572 afferre
2080 3529 2264 3592 posse
2325 3511 2449 3573 nisi
2495 3508 2665 3593 quod

278 3615 632 3681 absurdum
690 3615 809 3690 sit,
871 3615 982 3678 vix
1044 3612 1395 3699 quidquam
1457 3616 1694 3699 poterit
1740 3613 1938 3679 latere
1984 3616 2112 3678 nisi
2155 3614 2441 3679 eiusdem
2484 3613 2666 3679 illius

275 3723 585 3805 strepitus
626 3718 727 3785 vel
764 3716 1061 3795 πατοίγου
1105 3722 1365 3783 mentio.
1415 3719 1534 3783 Est
1571 3723 1792 3784 autem
1830 3722 2162 3804 proprium
2186 3724 2248 3784 et
2273 3720 2658 3799 technicum‚

275 3823 818 3913 quemadmodum
880 3824 1065 3889 hodie
1089 3816 1462 3909 loquimur,
1510 3824 1900 3891 vocabulum
1947 3826 2204 3896 πίτυλος
2251 3828 2468 3910 itaque
2515 3830 2664 3892 scri-

273 3934 460 3998 bam:
511 3931 823 4010 πιτύλῳ
867 3936 985 3993 τῶν
1032 3937 1330 3999 nemus-55⁹
1369 3932 1503 3996 αντὶ
1548 3936 1755 4012 Φωνῆς
1794 3933 2118 4011 χρωμένων
2159 3934 2260 3996 καὶ
2310 3933 2660 4015 πατάγῳ

158 4094 173 4107 .
276 4044 394 4103 τῶν
459 4043 691 4101 κωπῶν.
754 4035 898 4122 Ipse
944 4036 1300 4123 Xenophon
1347 4036 1728 4123 explicavit,
1779 4039 1932 4123 quid
1980 4044 2144 4103 esset
2191 4040 2482 4117 πίτυλος,
2535 4061 2663 4105 non

272 4148 343 4209 in
406 4144 897 4208 Atheniensium
957 4145 1234 4228 gratiam
1256 4192 1273 4221 ,
1325 4144 1433 4208 sed
1477 4147 1545 4207 in
1590 4146 1874 4229 gratiam
1919 4143 2230 4209 lectorum
2252 4194 2267 4223 ,
2320 4150 2431 4231 qui
2476 4169 2661 4212 num-

275 4269 470 4336 quam
531 4268 705 4313 mare
750 4248 1062 4313 viderant.
1113 4248 1335 4334 Itaque
1383 4250 1538 4314 haec
1584 4251 1820 4334 scripta
1868 4272 2003 4315 esse
2053 4251 2288 4317 dixeris
2333 4256 2400 4317 in
2448 4254 2659 4320 media

270 4354 726 4441 Peloponneso,
802 4352 1102 4432 Παταγον
1148 4354 1321 4420 haud
1368 4355 1670 4421 dissimili
1715 4356 1902 4421 modo
1946 4355 2335 4427 Plutarchus
2383 4361 2547 4430 dixit
2590 4364 2658 4431 in

270 4464 410 4529 vita
455 4461 771 4551 Lysandri
820 4482 871 4527 c.
924 4459 984 4528 5.
