3351 5463
715 353 803 432 36
1709 372 2097 435 nscnnu‘s.

806 551 981 616 Pers.
1037 550 1210 616 1052
1257 525 1623 627 μέλαινα
1670 551 1723 613 δ’
1772 547 1850 614 αὖ
1901 548 2239 626 μεμίξεται
2287 550 2365 630 (δ’
2414 553 2582 629 ἄμμ.
2630 547 2851 632 Dind.)

1259 655 1345 733 οἵ,
1395 655 1727 720 στονόεσσα
1777 656 2031 734 πλαγα.

717 759 1124 828 Coniecturae
1185 783 1512 828 recensens
1573 761 1670 826 Bl.
1736 761 2022 848 neglexit
2085 763 2377 826 omnium
2434 761 2833 826 lenissimam
2880 784 3094 827 meam

716 867 902 944 μάλ’
949 868 1136 931 αἰνὰ
1185 872 1290 946 (=
1339 867 1566 947 αἰνῶς),
1618 888 1813 951 quam
1860 867 2161 952 proposui
2206 867 2281 930 Ε.
2308 868 2385 932 A.
2437 889 2498 952 p.
2553 863 2701 932 127.

805 1068 1090 1154 Supplic.
1137 1068 1221 1134 69
1271 1071 1388 1140 τῶς
1436 1068 1540 1132 καὶ
1591 1071 1712 1145 ἐγὼ
1760 1070 2124 1149 φιλόδυρτος
2174 1072 2588 1136 Ἰαονίοισι
2639 1071 2867 1148 νόμοισι

1273 1175 1487 1238 δαπτω
1535 1178 1652 1238 τάν
1700 1175 1963 1240 οὶπαλοὶν
2010 1177 2303 1256 νειλοθερῆ
2353 1176 2613 1256 παρειὰν
2662 1191 2802 1240 κτλ.

716 1280 1074 1346 Obscurum
1136 1285 1232 1345 est
1292 1281 1618 1358 Ἰαονίοισι,
1685 1281 1856 1365 quod
1916 1281 2027 1346 alii
2074 1281 2293 1361 (male)
2341 1281 2417 1345 de
2478 1303 2764 1346 sermone
2812 1278 3089 1357 GraecO,

715 1387 828 1451 alii
874 1385 1092 1472 paullo
1128 1386 1356 1450 saltem
1394 1385 1785 1471 probabilius
1827 1388 1901 1452 de
1940 1387 2289 1452 harmonia·
2318 1388 2547 1451 Ionica'
2567 1390 3089 1474 interpretantur.

714 1493 814 1556 Ex
875 1491 1079 1556 simili
1141 1490 1662 1577 Ghoephororum
1723 1492 1859 1559 loco
1923 1493 2055 1558 424
2119 1492 2315 1571 ἔκοψα
2381 1495 2615 1570 κομμὸν
2655 1497 2860 1573 ’Ἄριον
2910 1492 2969 1556 ἔν
3022 1517 3091 1555 τε

717 1599 978 1669 Κισσίας
1026 1597 1298 1675 νόμοις
1347 1599 1939 1678 ἰηλεμιστρίας
1987 1606 2137 1664 nata
2174 1599 2338 1663 mihi
2379 1604 2475 1664 est
2515 1602 2791 1685 suspicio
2831 1602 3093 1684 poetam

717 1704 961 1768 dedisse
1045 1705 1334 1798 Ξηλρμί
1348 1725 1502 1767 οισι
1592 1703 1856 1782 νόμοισι,
1928 1705 2097 1788 quod
2167 1707 2540 1790 praesertim
2610 1708 2922 1790 scriptum
2991 1708 3095 1783 (ut

715 1829 898 1895 saepe
943 1807 1042 1889 fit)
1090 1809 1228 1872 Ξαλ
1249 1833 1342 1884 εμ
1365 1809 1426 1873 ίο
1448 1834 1463 1871 ι
1485 1832 1558 1873 σι
1607 1809 1913 1874 facillime
1960 1813 2052 1874 ita
2099 1813 2424 1896 corrumpi
2462 1814 2695 1896 potuit.
2745 1809 2835 1874 Ut
2873 1815 3093 1875 autem

715 1936 794 1979 ex
840 1915 1192 1994 ἶή(α)λεμος
1240 1915 1592 1979 formatum
1629 1920 1729 1980 est
1766 1917 2038 1982 verbum
2076 1916 2468 1996 Ξη(α)λεμι’ζω
2510 1921 2574 1981 et
2614 1917 3092 1981 substantivum

715 2021 1243 2110 ἱη(α)λεμι’στρια,
1291 2024 1385 2084 ita
1432 2021 1824 2086 adiectivum
1868 2023 2143 2086 formare
2188 2021 2419 2087 licebat
2467 2021 2758 2096 ἲηλέμιος.

806 2220 1030 2308 Suppl.
1078 2223 1205 2288 119
1249 2225 1350 2302 εἰ,
1394 2228 1483 2302 γᾶ
1507 2272 1524 2302 ,
1567 2231 1789 2297 κοννεῖς
1828 2246 1941 2310 pro
1968 2221 2035 2288 εὖ
2061 2225 2187 2290 κτὲ.
2213 2226 2614 2311 requirebam
2637 2224 2712 2288 Ε.
2738 2225 2815 2288 A.
2844 2246 2905 2309 p.
2938 2223 3087 2288 128.

714 2326 899 2392 Nunc
947 2327 1125 2417 docet
1171 2352 1275 2395 me
1325 2329 1422 2395 Bl.
1470 2333 1602 2395 iam
1647 2330 2043 2416 Burgesium
2091 2329 2161 2394 εἴ
2205 2356 2250 2410 γ
2272 2357 2299 2395 ε
2348 2339 2571 2401 κοννεῖς
2620 2332 2976 2395 coniecisse.

804 2530 1030 2618 Suppl.
1095 2531 1226 2597 803
1304 2532 1750 2615 „mamm-dvm]
1815 2531 1933 2612 QU.
2002 2533 2431 2598 πολυστόνων”
2496 2532 2594 2597 Β1.
2658 2555 2720 2618 p.
2792 2529 2939 2595 154.
3002 2531 3091 2594 At

712 2638 1089 2716 φιλοστόνων
1150 2637 1461 2702 Dindorfii
1524 2645 1620 2703 est
1683 2641 1989 2703 correctio
2053 2642 2317 2704 metrica
2362 2660 2475 2724 pro
2522 2641 3087 2717 φιλαιακτῶν,

713 2762 909 2827 quam
976 2751 1049 2808 ut
1118 2748 1333 2809 minus
1397 2745 1794 2830 probabilem
1855 2747 2240 2831 impugnavi
2302 2745 2376 2809 Ε.
2422 2747 2497 2809 Α.
2562 2765 2710 2830 pag.
2764 2743 2914 2820 131,
2977 2744 3091 2806 ubi

712 2850 1015 2914 traditam
1062 2853 1445 2935 scripturam
1484 2870 1563 2913 ex
1607 2858 1660 2930 φ
1682 2874 1699 2912 ι
1720 2866 1758 2914 λ
1778 2874 1819 2913 α
1839 2875 1855 2914 ι
1875 2850 1957 2914 Al
1975 2875 2002 2912 ν
2021 2875 2062 2913 ω
2082 2875 2110 2912 ν
2153 2852 2564 2936 depravatam
2601 2849 2807 2915 videri
2844 2851 3090 2913 monui.

799 3051 1024 3137 Suppl.
1090 3051 1221 3117 996
1314 3053 1584 3130 »ὑμᾶς
1650 3053 1701 3116 δ’
1766 3054 2019 3135 ἐπαινῶ]
2091 3052 2263 3139 Lege
2331 3053 2520 3129 ὑμῖν
2578 3053 2630 3116 δ’
2697 3054 2919 3117 ἐπαινῶ
2987 3052 3087 3116 Β1.

709 3155 953 3220 Eadem
1018 3178 1160 3221 mea
1205 3162 1300 3221 est
1346 3160 1649 3223 correctio
1697 3158 1770 3223 Ε.
1798 3159 1875 3222 A.
1922 3181 1985 3244 p.
2041 3158 2191 3236 131,
2239 3159 2351 3223 ubi
2398 3162 2721 3244 praeterea
2765 3158 3088 3226 malebam

711 3261 1006 3341 ἐχούσαις
1052 3284 1165 3348 pro
1215 3263 1509 3341 ἐχούσας.

798 3447 1030 3532 Agam.
1083 3445 1189 3510 39.
1237 3444 1395 3532 Leg.
1445 3446 1638 3511 αὐδῶν
1690 3448 1754 3510 οὐ
1802 3468 1915 3532 pro
1966 3446 2126 3511 αὐδῶ
2176 3448 2300 3510 κού.
2351 3444 2595 3510 Mnem.
2639 3443 2863 3509 XXIII
2890 3449 2978 3523 (n.
3008 3452 3086 3525 s.)

707 3573 769 3636 p.
823 3550 972 3615 144.

679 3735 682 3739 ’
798 3734 1030 3819 Agam.
1084 3732 1169 3797 62
1220 3733 1722 3812 πολυάνορος
1770 3733 1943 3812 ἀμφὶ
1994 3732 2303 3808 γυναικός.
2355 3733 2451 3797 Β1.
2501 3755 2563 3818 p.
2609 3732 2736 3798 164
2787 3730 3078 3811 πολυηρά-

706 3863 848 3913 του,
913 3838 1191 3902 Karsten
1251 3837 1410 3902 olim
1470 3838 1845 3915 οὶμφιδῆριος
1907 3836 2141 3915 (lenius
2204 3841 2556 3915 πολυδήριος
2618 3841 2916 3922 poterat),
2965 3857 3085 3922 ego

706 3944 781 4008 Ε.
810 3945 884 4008 A.
934 3966 996 4029 p.
1055 3942 1180 4007 132
1229 3964 1308 4007 ex
1352 3942 1698 4008 Stesichori
1745 3943 1993 4008 Orestia
2038 3946 2337 4027 proposui
2385 3944 2784 4006 Aen-sedwa
2800 3965 2949 4021 ρος.
3042 3975 3057 3989 ·

797 4127 1029 4211 Agam.
1084 4122 1168 4191 78
1245 4123 1488 4203 ’Ἄρης
1549 4123 1602 4187 δ’
1644 4124 1751 4187 οὐκ
1807 4122 1887 4187 ἔνι
1939 4124 2175 4201 χώρα.
2250 4124 2394 4188 Alia
2458 4124 2569 4189 alii
2642 4127 3080 4209 coniecerunt,

706 4232 979 4317 Blaydes
1038 4252 1100 4315 p.
1172 4230 1300 4295 164
1372 4230 1863 4315 „corrigendum
1925 4228 2149 4309 yapqa'&
2216 4228 2423 4295 Teneo
2487 4230 2656 4315 quod
2717 4230 2875 4295 olim
2939 4237 3085 4295 ante

707 4334 1078 4402 Gilbertum
1134 4338 1307 4399 suasi
1345 4334 1561 4413 ’Ἄρει
1613 4336 1664 4399 δ’
1692 4336 1798 4398 οὐκ
1850 4332 1928 4397 ἔνι
1981 4329 2190 4411 χώρα,
2241 4334 2379 4398 scil.
2420 4337 2490 4397 in
2530 4340 2781 4419 pectore
2828 4334 3081 4419 puerili.

708 4442 806 4511 Of.
850 4443 924 4507 Ε.
951 4443 1029 4506 A.
1070 4462 1217 4527 pag.
1272 4439 1418 4506 132.
