3351 5463
1372 347 1602 402 mvms.
2584 329 2672 399 13

375 519 693 584 Alienatus
755 521 952 584 animo
1009 524 1260 604 praeter
1303 540 1500 584 usum
1546 520 1893 585 Livianum
1941 521 2190 586 dictum
2234 525 2312 584 ut
2358 519 2464 584 25.
2494 517 2600 584 39.
2629 517 2669 581 4

283 629 474 692 ᾗοειεε
521 628 820 691 alienatos
865 627 1150 690 sensibus.

375 732 502 798 Sed
561 732 718 818 quid
780 732 1100 818 significat
1155 734 1254 794 ad
1297 729 1648 796 libidinem?
1696 731 1979 799 Mueller
2028 733 2426 798 dubitanter:
2477 779 2511 808 „
2533 763 2612 788 =
2636 754 2673 792 a
2798 773 2803 778 -

288 839 568 916 „ratione
627 841 712 902 ad
771 838 1080 902 libidinem
1134 837 1525 918 (alienatus);
1579 838 1735 902 oder
1778 841 1861 902 ad
1905 841 1993 903 ist
2029 869 2109 893 =
2146 836 2454 923 infolge.''
2503 835 2674 900 Illud

286 950 504 1008 tamen
566 965 904 1028 perperam
921 993 936 1021 ,
999 964 1152 1007 nam
1195 946 1430 1007 mentis
1477 943 1774 1008 alienatio
1826 945 2148 1009 oriebatur
2192 946 2261 1008 in
2309 942 2672 1008 decemviro

286 1071 364 1114 ex
423 1049 731 1142 libidine,
785 1070 912 1113 non
959 1054 1180 1113 contra
1228 1049 1333 1128 (cf.
1389 1047 1495 1112 51.
1526 1046 1614 1130 ¹7).
1679 1049 1893 1134 Igitur
1940 1050 2494 1125 ad=8eenndnm,
2542 1050 2587 1111 i.
2614 1067 2669 1113 e.

284 1156 624 1220 obsecutus
693 1154 969 1219 libidini.
1039 1153 1138 1218 Ex
1209 1153 1520 1239 exemplis
1582 1154 2006 1240 Fiignerianis
2066 1178 2128 1240 p.
2194 1152 2325 1220 476
2369 1175 2460 1238 sq.
2534 1154 2673 1237 (qui

283 1270 504 1327 nostra
562 1262 756 1327 verba
815 1261 1023 1326 alieno
1084 1260 1224 1326 loco
1286 1260 1542 1325 rettulit
1603 1282 1664 1345 p.
1732 1258 1883 1326 417.
1912 1261 2026 1342 20)
2087 1263 2157 1324 in
2212 1263 2441 1347 primis
2512 1260 2668 1324 haec

283 1371 696 1434 conveniunt.
764 1367 872 1432 25.
899 1367 1007 1432 21.
1037 1365 1076 1430 5
1139 1367 1467 1430 instruitur
1526 1367 1685 1430 acies
1730 1368 1867 1448 ipsa
1913 1369 1998 1430 ad
2041 1365 2349 1430 libidinem
2394 1367 2670 1429 militum.

286 1472 348 1539 9.
378 1472 485 1538 30.
514 1473 555 1538 2
596 1473 796 1553 (lectio
833 1477 1098 1553 senatus)
1145 1474 1229 1534 ad
1267 1472 1531 1552 qratiam
1576 1495 1647 1534 ae
1694 1471 2005 1536 libidinem
2025 1474 2236 1558 facta.
2284 1475 2343 1537 1.
2375 1469 2435 1537 7.
2465 1469 2501 1537 7
2544 1495 2673 1534 enm

283 1579 448 1642 boves
499 1580 584 1641 ad
625 1578 984 1641 desiderium
1029 1577 1374 1640 relictarum
1420 1577 1761 1658 mnyiseent.
1816 1578 1874 1642 1.
1902 1577 1964 1643 8.
1994 1581 2035 1642 4
2082 1581 2166 1642 ad
2200 1578 2272 1642 id
2286 1626 2302 1655 ,
2349 1579 2507 1662 qnod
2548 1584 2670 1640 tum

280 1685 583 1747 hominnm
625 1689 757 1747 erat
773 1732 790 1760 ,
840 1683 1158 1746 munirent.
1206 1682 1361 1747 ibid.
1415 1681 1453 1746 6
1503 1683 1683 1766 idque
1717 1681 1985 1764 primum
2030 1685 2114 1746 ad
2151 1690 2413 1766 coeptam
2450 1681 2673 1764 maqni-

283 1789 550 1852 tudinem
618 1788 845 1852 roboris
888 1789 1055 1874 fnit.
1125 1786 1233 1852 36.
1266 1787 1368 1852 13.
1400 1786 1439 1851 5
1503 1787 1809 1851 dedissent
1868 1810 1993 1852 εεεε
2053 1791 2137 1852 ad
2198 1795 2406 1852 metum
2452 1788 2672 1852 virium

277 1915 383 1956 een
428 1896 514 1957 ad
555 1916 714 1975 spem
760 1893 987 1959 veniae.
1037 1890 1134 1959 Cf.
1185 1890 1316 1960 Cic.
1368 1894 1443 1958 de
1493 1892 1622 1957 div.
1674 1893 1737 1958 2.
1770 1889 1854 1957 70
1900 1894 2192 1957 retinetur
2238 1901 2433 1957 antem
2479 1901 2535 1957 et
2584 1896 2668 1957 ad

281 1999 617 2084 opinionem
665 1999 854 2082 vnlqi.

370 2106 630 2169 Poterat
689 2106 894 2170 dicere
942 2105 1174 2170 Livius
1219 2105 1521 2169 alienatus
1565 2128 1606 2167 a
1623 2106 1654 2167 b
1704 2104 1959 2169 libidine
1979 2153 1996 2183 ,
2047 2111 2122 2170 ut
2171 2105 2277 2170 61.
2311 2103 2392 2169 13
2422 2107 2672 2192 feroces

277 2209 353 2271 ab
400 2232 466 2272 re
512 2210 653 2273 bene
692 2218 882 2292 yeeta.
947 2209 1008 2276 5.
1036 2208 1142 2276 47.
1177 2210 1255 2275 11
1308 2211 1660 2274 intentiores
1710 2259 1724 2274 .
1758 2258 1771 2275 .
1802 2258 1815 2274 .
1867 2212 1939 2274 ab
1985 2211 2281 2276 memoria.
2352 2208 2459 2276 27.
2491 2208 2595 2276 17.
2626 2209 2665 2274 5

278 2315 522 2378 avidior
567 2339 606 2378 a
649 2338 755 2398 epe
815 2317 919 2396 (cf.
969 2316 1031 2381 4.
1063 2315 1170 2381 32.
1204 2315 1262 2393 1,
1315 2314 1375 2379 5.
1405 2316 1465 2381 5.
1495 2314 1534 2379 3
1584 2321 1650 2382 et
1692 2315 1800 2380 28.
1832 2313 1868 2381 7
1910 2322 1974 2381 et
2015 2315 2123 2381 44.
2154 2318 2214 2393 6,
2258 2314 2364 2382 37.
2393 2314 2501 2380 43.
2536 2316 2665 2394 11).

277 2419 356 2484 Id
404 2421 624 2486 tamen
669 2443 796 2486 non
843 2422 992 2486 fecit
1039 2424 1252 2487 vitans
1300 2422 1598 2486 dictionis
1641 2423 2171 2507 ambiguitatem,
2223 2422 2300 2487 cf.
2351 2422 2413 2486 2.
2447 2422 2549 2486 12.
2583 2421 2666 2485 13

279 2526 549 2590 alienato
590 2528 660 2590 ab
698 2550 875 2590 senen
914 2528 1129 2595 animo,
1183 2527 1243 2595 7.
1277 2526 1377 2592 15.
1406 2526 1447 2591 3
1495 2527 1781 2590 alienatis
1828 2551 1867 2590 a
1909 2527 2188 2591 memoria
2232 2528 2469 2591 animis.

372 2739 516 2805 Duo
563 2740 952 2827 glossemata
998 2743 1180 2806 uncis
1225 2740 1537 2805 indicasse
1585 2740 1858 2805 sufficiat
1903 2742 1971 2804 in
2018 2741 2119 2804 his
2164 2739 2355 2805 locis:

373 2867 427 2910 c.
477 2844 584 2912 67.
613 2847 674 2911 2.
747 2849 1109 2932 Quamquam
1155 2848 1277 2910 iam
1325 2846 1435 2909 diu
1479 2846 1572 2909 ita
1617 2845 1827 2909 vivitis
1876 2846 1980 2921 <ie
2023 2853 2217 2909 ειαιυε
2264 2868 2459 2909 rerum
2506 2854 2665 2925 εει),

278 2960 350 3015 ut
394 2952 560 3016 nibil
602 2953 738 3018 boni
783 2955 1016 3017 divinet
1059 2954 1314 3017 animus.

373 3079 423 3123 c.
472 3058 577 3123 68.
609 3058 715 3125 11.
762 3060 921 3141 Quia
957 3063 1024 3124 in
1064 3060 1381 3123 eoncordia
1411 3061 1689 3123 ordinum
1712 3059 1911 3123 nullos
1934 3081 1996 3122 εε
2019 3082 2265 3143 nsquam
2291 3080 2412 3123 εεεε
2437 3059 2661 3138 vident,

279 3164 474 3227 malae
512 3164 603 3227 rei
640 3188 813 3249 quam
848 3166 1084 3229 nulline
1123 3166 1479 3244 <turbarum
1520 3188 1591 3228 ac
1628 3166 2034 3243 eedihlonnm>
2078 3166 2255 3228 duces
2295 3186 2415 3228 εεεε
2437 3166 2664 3230 volant.

373 3400 423 3442 c.
478 3377 583 3444 68.
618 3378 720 3443 10.
785 3379 1032 3443 Natura
1093 3380 1328 3469 (hoe)
1391 3379 1482 3441 ita
1542 3385 1942 3460 comparatum
2005 3384 2126 3454 εει,
2200 3383 2301 3454 nt,
2350 3377 2455 3461 qni
2500 3380 2667 3471 apud

282 3483 722 3547 multitudinem
780 3508 890 3548 sna
953 3508 1133 3549 eausa
1194 3484 1479 3569 loquitur,
1523 3484 1763 3565 qratior
1809 3506 1873 3547 eo
1919 3484 2001 3547 eit
2017 3531 2033 3560 ,
2084 3483 2253 3546 enine
2296 3506 2455 3547 mens
2502 3482 2666 3547 nihil

274 3572 519 3670 praeter
550 3590 858 3670 publicum
904 3593 1254 3654 commodum
1299 3590 1482 3654 videt.
1734 3664 1739 3667 ¹

372 3693 728 3759 Omittatur
798 3697 933 3759 boe
998 3698 1068 3759 in
1129 3698 1448 3761 sententia
1507 3694 1821 3782 generali,
1887 3696 2001 3760 ubi
2046 3693 2211 3759 nihil
2256 3696 2482 3773 habet,
2533 3717 2659 3780 quo

283 3798 606 3863 referatur.
674 3798 771 3866 Of.
836 3799 944 3865 39.
972 3800 1059 3866 29
1124 3801 1291 3866 med.
1356 3802 1448 3865 ita
1509 3807 1910 3883 comparatum
1956 3822 2113 3862 more
2159 3801 2446 3863 maiorum
2473 3802 2624 3886 fnit
2640 3849 2657 3879 ,

281 3926 351 3967 ne
410 3905 544 3989 quis
559 3953 577 3982 ,
643 3906 749 3990 qni
795 3908 1114 3970 exereitum
1158 3930 1274 3970 non
1323 3910 1727 3990 deportasset,
1778 3905 2192 3986 triumpharet.
2260 3905 2454 3971 Recte
2503 3926 2653 3971 vero

282 4009 533 4073 additur
592 4013 661 4073 in
721 4014 1059 4089 antithesi,
1127 4012 1385 4097 qualem
1448 4012 1640 4077 habes
1702 4014 1770 4076 in
1830 4010 1949 4095 Ep.
2016 4010 2096 4075 ad
2159 4010 2341 4075 Brut.
2413 4012 2471 4075 1.
2505 4011 2588 4075 12
2615 4013 2656 4074 4

284 4116 410 4177 Hoc
443 4117 766 4196 praeclare
811 4117 1036 4197 leqibue
1083 4125 1482 4200 comparatum
1527 4124 1648 4194 εει,
1712 4125 1780 4180 nt
1824 4117 2049 4180 caritas
2097 4116 2412 4179 liberorum
2458 4117 2661 4179 amici-

283 4242 402 4283 ores
444 4229 724 4302 parentes
771 4225 920 4304 reip.
969 4226 1275 4299 redderet,
1326 4244 1486 4308 quae
1528 4228 1939 4307 opponuntur
1977 4221 2378 4306 praecedenti
2416 4228 2661 4287 senten-

282 4327 437 4391 tiae:
507 4350 614 4390 neo
675 4351 763 4392 me
807 4330 997 4415 fuqit
1012 4378 1029 4407 ,
1095 4352 1268 4413 quam
1328 4329 1412 4392 eit
1458 4330 1726 4392 aeerbwm
1761 4336 2084 4410 parentum
2128 4329 2353 4395 seelera
2378 4329 2659 4411 filiorum

269 4432 480 4513 poenis
525 4433 637 4496 lui.
