3351 5463
1368 391 1739 444 nosen-rme.
2612 371 2748 440 315
2850 397 2866 404 ·

366 560 775 641 pervenirent
843 558 923 624 ad
990 571 1327 646 summum
1391 559 1612 626 florem
1629 607 1645 636 ,
1709 558 1790 624 ad
1851 560 2204 644 perfectum
2268 558 2536 624 modum
2597 577 2748 624 suae

368 665 682 748 cuiusque
726 667 1011 730 naturae.

457 767 601 834 Hoc
660 773 1121 855 argumentum
1184 774 1281 834 est
1342 768 1581 834 falsum
1599 815 1615 847 ,
1683 789 1835 834 nam
1895 768 2052 835 licet
2110 789 2210 836 res
2250 771 2494 851 poseint
2537 768 2749 834 multo

366 873 559 939 citius
620 873 889 940 dissolvi
947 894 1145 960 quam
1201 876 1457 940 restitui
1474 921 1491 952 ,
1555 880 1772 940 tamen
1828 877 1970 959 ipsa
2029 895 2248 940 rerum
2292 878 2522 940 natura
2566 872 2635 939 id
2679 893 2750 936 re

369 997 519 1044 vera
586 978 727 1044 fieri
794 981 1065 1045 minime
1129 980 1313 1048 docet
1329 1027 1346 1057 ,
1411 1000 1562 1044 nam
1622 1001 1722 1046 ex.
1785 999 1886 1066 gr.
1933 981 2128 1046 robur
2173 983 2444 1046 citiusne
2491 983 2560 1046 in
2605 999 2752 1044 suas

368 1089 617 1151 atomos
687 1084 1064 1152 dissolvitur
1133 1106 1328 1171 quam
1388 1106 1657 1172 quercus
1721 1089 1946 1154 crescit
2007 1107 2042 1152 e
2103 1108 2218 1152 suo
2280 1083 2559 1152 semine?
2609 1105 2752 1150 ossa

371 1189 753 1256 animalium
790 1190 1139 1260 celeriusne
1177 1197 1553 1277 putrescunt
1590 1213 1787 1277 quam
1822 1194 1963 1277 ipsa
1999 1192 2302 1258 animalia
2331 1188 2752 1258 exstiterunt?

457 1293 583 1360 Sed
641 1302 833 1382 poeta
893 1317 973 1362 ex
1034 1301 1347 1364 sententia
1405 1297 1690 1384 generali
1747 1299 2165 1364 ratiocinatus
2227 1304 2343 1363 est.
2421 1297 2628 1377 Quam
2697 1297 2754 1362 si

370 1401 777 1467 concedimus
793 1449 811 1480 ,
876 1403 998 1468 hoc
1062 1403 1251 1470 dicit:
1317 1403 1504 1468 arbor
1564 1424 1662 1468 ex.
1709 1423 1810 1489 gr.
1859 1407 2106 1468 constat
2150 1423 2230 1468 ex
2273 1404 2508 1468 atomis
2523 1451 2540 1481 ,
2590 1422 2751 1487 quae

369 1525 483 1590 per
542 1509 751 1572 varias
812 1510 951 1574 vias
1017 1529 1052 1574 e
1113 1510 1385 1585 semine,
1446 1529 1527 1574 ex
1584 1508 1785 1574 humo
1801 1555 1817 1586 ,
1867 1528 1946 1573 ex
1991 1513 2134 1573 aere
2150 1556 2167 1586 ,
2215 1509 2629 1574 conferuntur
2671 1506 2753 1572 ad

371 1611 662 1677 arborem
721 1613 1019 1679 alendam
1080 1619 1144 1680 et
1203 1613 1585 1700 augendam.
1632 1613 1706 1680 Si
1766 1619 1989 1680 autem
2049 1635 2162 1699 per
2222 1620 2434 1680 totum
2496 1618 2752 1698 tempus

369 1720 789 1801 praeteritum
806 1765 824 1797 ‚
874 1719 1041 1804 quod
1088 1724 1186 1784 est
1228 1719 1559 1786 infinitum
1577 1767 1593 1798 ‚
1632 1739 1732 1786 res
1768 1721 1838 1784 in
1874 1723 2124 1785 atomos
2162 1724 2371 1786 essent
2406 1718 2754 1786 dissolutae

370 1827 437 1887 et
501 1822 625 1888 hae
680 1827 885 1888 atomi
934 1827 1111 1909 ipsae
1155 1830 1461 1918 perpetuo
1508 1829 1719 1890 essent
1765 1827 2074 1890 contritae
2119 1829 2186 1890 et
2233 1823 2591 1890 destructae
2607 1873 2626 1902 ‚
2673 1845 2752 1890 ex

370 1931 686 1992 sententia
745 1928 1030 2015 generali
1094 1949 1257 2013 quae
1322 1934 1419 1995 est
1464 1931 1671 2014 posita
1688 1977 1704 2006 ‚
1756 1931 2047 2014 sequitur
2081 1929 2233 2012 phu
2278 1951 2452 2013 quam
2498 1936 2755 2012 tempore

370 2033 613 2114 infinito
678 2054 839 2119 opus
900 2055 1033 2100 esse
1096 2033 1175 2100 ad
1223 2055 1327 2099 eas
1374 2039 1627 2100 atomos
1662 2032 2184 2099 reconstruendas
2202 2080 2218 2111 ,
2268 2054 2394 2118 quo
2441 2033 2606 2098 facto
2653 2033 2756 2098 de-

371 2158 557 2203 mum
601 2159 681 2204 ex
723 2141 807 2204 iis
852 2139 1039 2204 arbor
1083 2146 1297 2224 posset
1343 2161 1637 2206 crescere.
1683 2139 1908 2224 Itaque
1955 2141 2257 2224 quoniam
2303 2143 2560 2224 tempus
2606 2138 2755 2222 plus

373 2263 570 2328 quam
628 2243 957 2308 infinitum
1016 2267 1145 2310 non
1190 2249 1430 2323 exstet,
1479 2243 1659 2310 nulla
1707 2265 1806 2310 res
1852 2251 2064 2330 posset
2109 2245 2386 2310 restitui.
2452 2244 2756 2310 Attamen

372 2367 497 2414 non
565 2347 777 2414 solum
846 2370 943 2414 res
1014 2350 1186 2415 refici
1244 2350 1538 2416 videmus
1554 2399 1570 2428 ,
1635 2371 1865 2416 verum
1929 2353 2127 2415 etiam
2196 2348 2469 2435 singulis
2537 2369 2756 2415 rerum

372 2453 714 2540 generibus
772 2459 1021 2520 certum
1084 2475 1157 2520 ac
1214 2454 1551 2520 definitum
1613 2458 1872 2540 tempus
1934 2459 2242 2526 constare,
2284 2454 2579 2520 videmus
2630 2474 2756 2540 quo

374 2562 749 2643 perveniant
795 2559 875 2624 ad
921 2580 1254 2624 summum
1303 2580 1494 2628 suum
1542 2562 2032 2625 incrementum.

463 2665 639 2731 Haec
688 2672 1084 2754 argumenta
1144 2668 1579 2753 excipiuntur-
1613 2664 1860 2730 duobus
1920 2684 2080 2750 quae
2126 2683 2348 2730 rursus
2395 2661 2561 2729 alius
2606 2669 2757 2730 sunt

371 2774 625 2856 generis
676 2792 961 2857 quaeque
1008 2773 1275 2858 physica
1320 2774 1647 2837 nominare
1695 2770 1916 2837 velim.

466 2875 573 2942 Vs.
626 2875 1021 2945 565-576:
1086 2877 1321 2944 solidae
1383 2882 1449 2942 et
1510 2877 1704 2943 durae
1767 2897 1917 2942 cum
1978 2881 2130 2941 sunt
2174 2878 2407 2954 atomi,
2456 2875 2759 2961 explicari

375 2981 558 3047 facile
621 2988 831 3068 potest
896 3005 1009 3049 cur
1072 2986 1200 3048 sint
1260 3004 1361 3049 res
1427 2984 1622 3049 durae
1687 2987 1753 3047 et
1813 3003 1912 3049 res
1973 2981 2238 3060 molles;
2303 2977 2528 3047 mollia
2587 2982 2760 3045 enim

381 3084 544 3151 fiunt
603 3108 764 3171 quae
819 3087 963 3173 plus
1010 3090 1205 3173 spatii
1228 3088 1483 3163 ‚habent
1529 3090 1700 3153 inter
1745 3087 1935 3152 duras
1981 3094 2045 3151 et
2090 3086 2323 3152 solidas
2371 3092 2622 3151 atomos
2637 3104 2655 3162 3
2706 3086 2762 3149 si

381 3212 533 3257 vero
568 3195 745 3279 ipsae
784 3196 985 3259 atomi
1023 3199 1175 3258 sunt
1211 3192 1441 3258 molles
1461 3240 1477 3271 ,
1521 3215 1647 3259 non
1684 3192 2044 3279 explicatur
2079 3191 2245 3256 unde
2269 3193 2398 3255 sint
2420 3212 2520 3255 res
2546 3190 2759 3255 durae.

469 3297 577 3363 Vs.
628 3295 1024 3365 577—583:
1078 3320 1147 3363 re
1192 3319 1346 3364 vera
1390 3298 1689 3365 videmus
1738 3299 1935 3362 etiam
1983 3317 2151 3361 nunc
2197 3315 2330 3362 esse
2379 3316 2480 3359 res
2527 3293 2760 3360 solidas

381 3409 447 3468 et
505 3401 696 3468 duras
714 3451 731 3481 ,
794 3424 955 3488 quae
999 3404 1208 3489 igitur
1253 3407 1545 3469 constant
1592 3424 1670 3467 ex
1720 3401 1940 3467 solidis
1985 3403 2252 3479 atomis3
2297 3399 2408 3465 sed
2456 3402 2518 3464 si
2561 3401 2764 3463 atomi

384 3506 643 3593 fragiles
704 3513 855 3587 (non
919 3508 1077 3573 dicit
1136 3507 1391 3587 molles)
1452 3512 1694 3583 essent,
1760 3527 1888 3572 non
1947 3508 2302 3592 potuissent
2347 3522 2604 3571 manere
2650 3525 2764 3589 per

384 3616 719 3678 aeternum
760 3618 1019 3698 tempus
1062 3594 1503 3697 praeteritum.

474 3718 765 3805 Denique
822 3738 923 3784 res
983 3717 1219 3783 habent
1281 3738 1397 3783 sua
1458 3736 1745 3803 quaeque
1805 3720 1872 3780 et
1938 3714 2207 3782 modum
2269 3719 2332 3779 et
2394 3718 2652 3798 tempus
2697 3718 2765 3779 et

385 3824 691 3903 formam3
758 3826 977 3891 omnia
1036 3827 1295 3889 manent
1340 3825 1511 3888 intra
1558 3842 1707 3887 suos
1754 3820 1908 3887 fines
1954 3822 2049 3885 ita
2095 3824 2171 3884 ut
2215 3839 2295 3883 ne
2340 3816 2582 3884 colores
2627 3819 2765 3902 qui-

388 3928 533 3995 dem
594 3933 661 3995 et
719 3929 1007 3995 maculae
1066 3920 1291 3996 avium
1352 3933 1858 4005 commutentur,
1919 3926 2031 3993 sed
2075 3945 2188 4009 per
2233 3924 2488 4011 singula
2531 3945 2766 4010 genera

388 4055 637 4120 semper
674 4033 967 4111 redeant3
1005 4032 1075 4097 id
1114 4039 1333 4099 autem
1372 4032 1512 4099 fieri
1550 4032 1730 4097 nullo
1769 4032 1958 4099 modo
1996 4036 2242 4117 posset,
2285 4032 2412 4093 nisi
2450 4029 2766 4095 elementa

386 4147 596 4206 essent
638 4137 1097 4206 immutabilia.

474 4246 615 4313 Hoc
657 4250 1057 4331 argumento
1119 4248 1242 4323 (vs.
1290 4240 1678 4324 584—598)
1725 4242 1948 4309 finitur
1993 4243 2186 4307 series
2232 4245 2764 4327 argumentorum

382 4352 619 4437 quibus
686 4371 907 4417 rerum
973 4349 1322 4437 primordia
1390 4351 1527 4416 sive
1596 4354 1846 4415 atomos
1914 4364 2050 4414 esse
2109 4345 2340 4413 solidas
2360 4394 2376 4425 ,
2439 4352 2726 4413 aeternas
2743 4393 2761 4424 ‚

381 4455 857 4523 immutabiles·
884 4456 1377 4523 demonstratur.
1455 4454 1629 4534 Quae
1693 4460 1838 4519 tum
1898 4458 2272 4537 sequuntur,
2333 4452 2482 4517 inde
2543 4473 2602 4519 a.
2666 4471 2761 4517 vs.
