3351 5463
1337 364 1726 434 assumtus.
2608 370 2736 435 143

814 550 1074 615 ἄσκευον
1122 551 1308 614 αὐτὸν
1358 551 1630 614 οὶσπίδων
1680 574 1750 613 τε
1796 550 1898 614 καὶ
1951 555 2214 631 στρατοῦ
2272 628 2279 635 .

815 656 1037 721 δόλοισι
1087 658 1322 734 κλέψαι
1372 656 1579 735 χειρὸς
1630 657 1891 728 ἐνδίκους
1941 659 2232 737 σφαγάς.

350 760 592 827 Vocem
639 761 829 839 θέμιν,
879 768 1089 826 tractu
1133 761 1473 826 literarum
1519 783 1645 826 non
1695 762 1981 827 multum
2024 763 2102 827 ab
2143 764 2289 839 ὁμοῦ
2331 762 2743 841 differentem,

354 868 681 954 depromsi
743 890 821 932 ex
882 868 1109 933 Aesch.
1178 866 1404 952 Suppl.
1471 866 1601 931 435
1622 888 1637 945 ;
1709 873 1994 931 ceterum
2059 871 2328 933 verbum
2392 870 2557 942 δίκην
2606 874 2742 935 sive

355 974 535 1044 δίκας
586 995 842 1058 prorsus
890 974 1167 1037 eundem
1214 993 1475 1037 sensum
1522 974 1884 1058 praeberet,
1939 980 2011 1037 ut
2057 995 2109 1038 e.
2137 996 2202 1059 g.
2253 996 2330 1039 ex
2368 975 2592 1060 Eurip.
2635 975 2741 1040 Or.

359 1077 513 1155 531,
570 1078 745 1143 1090
808 1078 1035 1162 colligi
1096 1083 1327 1161 potest.
1394 1076 1601 1155 Quam
1658 1076 1844 1141 facile
1907 1079 2142 1155 scriba,
2193 1079 2318 1143 alia
2364 1100 2591 1164 agens,
2644 1082 2744 1145 θα-

358 1188 571 1258 νούσης
643 1206 757 1269 pro
830 1184 1192 1263 σφαγείσης
1257 1186 1325 1247 in
1395 1204 1657 1248 versum
1727 1183 2027 1247 inducere
2086 1187 2401 1269 potuerit,
2463 1184 2642 1250 locus
2707 1208 2740 1250 e

354 1288 709 1354 Plutarcho
751 1288 1011 1368 (Moral.
1064 1286 1193 1354 447
1219 1289 1301 1368 Ε)
1349 1287 1601 1365 doceat,
1653 1289 1767 1352 ubi
1805 1294 2135 1369 σφαγῆναι
2177 1297 2244 1353 et
2283 1293 2478 1353 θανεῖν
2521 1292 2741 1356 eadem

354 1394 821 1481 significatione
868 1400 1229 1480 ponuntur:

813 1501 881 1563 τὸ
929 1486 1059 1577 μὲν.
1089 1506 1418 1578 σφαγῆναι
1470 1499 1672 1576 δεινὸν,
1727 1498 2011 1564 εὔκλειαν
2059 1500 2113 1565 δ’
2159 1501 2334 1582 ἔχει·

814 1608 883 1669 τὸ
932 1608 1019 1681 μὴ
1068 1608 1265 1669 θανεῖν
1313 1605 1374 1668 δὲ
1425 1604 1640 1681 δειλὸν,
1695 1604 1864 1679 ἡδονὴ
1914 1606 1966 1670 δ’
2019 1604 2122 1669 ἔνι.

354 1708 745 1795 Ceteroquin
796 1712 1173 1789 ’σφαγείσης
1240 1746 1324 1757 --
1375 1710 1482 1774 vel
1543 1711 1898 1788 φαγείσης,
1963 1710 2152 1775 litera
2216 1735 2253 1774 σ
2317 1719 2462 1798 post
2525 1714 2741 1789 δούλης

353 1806 519 1879 forte
567 1818 806 1880 omissa
854 1854 938 1865 ——
988 1822 1053 1880 et
1099 1815 1391 1889 θανούσης
1441 1814 1748 1879 facillime
1794 1816 2098 1880 confundi
2147 1824 2513 1901 potuerunt.

448 1920 663 1999 Quum
700 1921 855 1985 haec
904 1920 1280 1997 scriberem,
1329 1920 1485 1985 bene
1526 1940 1834 1985 noveram
1881 1923 1958 1984 ab
2009 1920 2337 2007 Hesychio
2388 1945 2464 1987 ex
2513 1926 2740 1990 Aesch.

350 2026 589 2111 Agam.
638 2029 825 2090 citari
871 2047 1097 2091 vocem
1144 2026 1462 2102 ασκεύοις,
1512 2046 1671 2110 quae
1722 2048 1886 2090 nunc
1932 2048 2251 2111 nusquam
2297 2030 2366 2091 in
2415 2031 2744 2114 tragoedia

348 2137 572 2196 nostra
630 2131 894 2217 legitur.
960 2130 1319 2215 Fatendum
1383 2136 1511 2207 est,
1574 2134 1629 2194 si
1677 2132 1920 2195 fontem
1967 2139 2136 2197 recte
2184 2132 2490 2198 indicavit
2534 2134 2743 2221 Hesy-

348 2238 569 2315 chius,
618 2239 781 2302 hanc
816 2258 1052 2329 yocem
1102 2237 1273 2322 quod
1318 2236 1395 2301 ad
1444 2258 1702 2301 sensum
1750 2240 2014 2314 attinet,
2059 2260 2282 2305 revera
2324 2260 2402 2303 ex
2442 2240 2564 2305 hoc
2601 2240 2740 2306 loco

346 2344 764 2429 desumptam
805 2365 940 2408 esse
979 2364 1179 2428 posse.
1222 2344 1309 2407 At
1346 2336 1472 2407 non
1508 2346 1641 2407 sine
1682 2364 1919 2429 magno
1944 2344 2281 2409 molimine
2305 2346 2740 2431 gravibusque

344 2452 827 2515 mutationibus
876 2449 1265 2517 vocabulum
1312 2448 1598 2520 ασκεύοις
1644 2450 1874 2513 inferre
1923 2453 2278 2534 poterimus
2300 2498 2316 2528 ,
2366 2459 2441 2515 ut
2489 2454 2546 2515 si
2585 2452 2742 2516 Her-

344 2558 577 2621 manni
636 2555 1035 2640 aliorumque
1088 2560 1351 2620 conatus
1398 2560 1638 2639 spectes
1657 2604 1673 2632 ,
1725 2557 1902 2619 nisus
1949 2554 2181 2619 Icarios
2231 2577 2334 2621 eos
2385 2558 2512 2620 fere
2560 2578 2740 2621 voca-

342 2664 542 2726 veris.
591 2661 924 2727 Hermann
965 2663 1337 2748 proposuit:

1570 2767 1885 2844 βασιλέως
1933 2767 2244 2850 τιμαόροις

808 2873 953 2947 ῖσας
1000 2875 1176 2946 δίκας
1220 2875 1539 2952 φανέντας
1590 2873 1875 2945 ασκεύοις
1912 2869 2072 2949 ’ὁμοῦ

810 2982 1045 3061 ἐχθροῖς
1094 2986 1346 3062 φονεῦσι
1396 2987 1524 3050 τοῖς
1573 2981 1742 3056 ἐμοῖς
1795 2981 1976 3044 τίνειν
2023 2981 2170 3056 ἐμοῦ

809 3086 1023 3160 δούλης
1074 3086 1366 3160 θανούσης
1416 3087 1714 3163 εὐμαροῦς
1767 3086 2179 3165 χειρώματος.

341 3189 719 3270 Wecklein,
782 3193 893 3276 qui
953 3191 1253 3274 (Studien
1299 3212 1379 3256 zu
1426 3191 1651 3255 Aesch.
1703 3214 1766 3277 p.
1821 3190 1977 3272 143)
2029 3193 2263 3256 eximie
2313 3191 2388 3256 de
2435 3191 2552 3257 hoc
2597 3190 2736 3258 loco

339 3299 712 3382 disputavit
730 3345 747 3374 ,
815 3300 885 3360 in
951 3298 1315 3382 Appendice
1384 3297 1702 3362 Editionis
1771 3318 1922 3362 suae
1982 3297 2248 3382 reliquis
2317 3301 2737 3375 „coniecturis

336 3405 570 3467 minus
614 3401 847 3467 certis”
898 3403 1059 3467 hanc
1108 3402 1323 3468 addit:

1509 3515 1631 3580 τοῖς
1685 3510 1852 3584 ἐμοῖς
1903 3506 2229 3585 τιμαόρους

810 3615 1042 3694 ἐχθροῖς
1092 3612 1249 3691 ὁμῶς
1300 3612 1616 3694 φανέντας
1667 3613 1947 3687 ασκεύοις
1999 3614 2178 3684 τίνειν

811 3720 1025 3794 δούλης
1078 3719 1205 3783 κτὲ.

338 3824 519 3912 quod
584 3827 803 3890 virum
865 3825 1297 3890 clarissimum
1342 3827 1560 3910 ipsum
1605 3825 1773 3890 mihi
1817 3831 2066 3890 vertere
2114 3831 2178 3890 et
2223 3846 2374 3890 cum
2419 3844 2734 3890 commen-

334 3934 513 3997 tario
562 3953 676 3996 suo
724 3952 915 4016 supra
953 3931 1213 3996 laudato
1253 3952 1614 4017 comparare
1654 3931 1877 3996 velim.
1924 3969 2008 3980 —
2050 3930 2265 4009 Quum
2304 3953 2431 3995 non
2469 3931 2735 3998 meliora

333 4059 456 4104 me
519 4036 924 4122 prolaturum
987 4057 1121 4102 esse
1186 4041 1553 4124 suspicarer,
1624 4038 2076 4102 abstinendum
2122 4037 2288 4101 mihi
2336 4059 2470 4102 esse
2515 4042 2736 4104 censui

332 4148 411 4210 et
457 4145 675 4206 inveni
723 4163 884 4227 quae
932 4145 1222 4227 exposui.

438 4247 591 4312 Post
651 4247 907 4333 aliquod
968 4253 1225 4334 tempus
1286 4251 1540 4315 animus
1604 4269 1708 4312 me
1768 4249 2010 4314 ferebat
2029 4297 2044 4325 ,
2111 4252 2187 4312 ut
2234 4253 2300 4312 et
2347 4269 2466 4334 ego
2513 4251 2730 4314 nisum

321 4355 621 4421 Icarium
666 4360 982 4419 tentarem
1030 4361 1095 4418 et
1140 4356 1270 4420 fere
1310 4356 1493 4420 credo
1533 4377 1639 4420 me
1675 4376 1800 4419 non
1836 4375 2094 4439 prorsus
2135 4356 2388 4440 magnis
2428 4356 2729 4420 excidisse

324 4462 538 4528 ausis.
587 4457 875 4526 Conieci:
