3351 5463
683 351 768 416 56
1542 369 2190 418 onsnnu'nunounn

679 540 998 623 opinionis
1080 543 1492 623 argumenta,
1567 537 1739 622 quod
1808 541 2039 613 sciam,
2111 537 2395 602 nondum
2467 537 2675 616 dedit;
2763 538 3059 613 interim,

680 643 935 730 postulo
955 692 972 721 ,
1045 650 1120 708 ut
1188 643 1471 709 definitio
1541 647 1823 730 genuina
1889 644 2203 720 videatur,
2276 646 2425 728 quia
2488 665 2612 708 non
2674 663 3065 729 magnopere

680 753 1091 836 perspicuum
1153 756 1284 827 est,
1350 750 1504 835 quid
1566 753 1722 814 insit
1769 770 1805 814 a
1850 755 2065 815 vetere
2113 752 2252 814 iure
2300 749 2660 815 abhorrens.
2724 750 2866 815 Nisi
2909 771 3067 814 vero

683 856 966 920 Africani
1029 877 1282 940 quoque
1346 877 1470 921 vox
1533 877 1647 941 pro
1696 860 1997 939 corrupta
2041 856 2401 932 habebitur,
2450 854 2764 931 docentis,
2814 856 2925 918 ubi
2972 875 3071 918 ar-

681 963 946 1027 bitraria
1015 964 1100 1026 sit
1170 964 1333 1026 actio
1350 1009 1366 1038 ,
1438 963 1530 1026 ibi
1600 960 2037 1024 aeetimatiouie
2106 961 2453 1040 ratio(uem)
2524 961 2777 1024 arbitrio
2839 961 3069 1023 iudicis

683 1068 964 1132 committi
1013 1066 1082 1146 (1.
1134 1067 1174 1131 8
1223 1067 1300 1131 D.
1358 1067 1460 1132 13.
1488 1068 1577 1146 4),
1626 1068 1982 1152 aequitatem
2030 1090 2254 1152 quoque
2299 1074 2439 1130 ante
2482 1068 2680 1131 oeulos
2733 1067 3065 1146 habeatis)

683 1172 860 1259 (Ulp.
911 1174 956 1238 1.
1007 1174 1046 1236 4
1095 1174 1193 1258 §1
1245 1175 1431 1252 eod.).
1494 1174 1887 1259 Papinianus
1952 1195 2202 1259 quoque
2249 1195 2665 1239 communem·
2706 1193 2839 1237 esse
2884 1177 3074 1236 natu-

683 1302 825 1346 ram
884 1282 1082 1346 bonae
1145 1279 1292 1344 fidei
1353 1280 1740 1344 iudiciorum
1802 1281 2411 1365 arbitrariorumque
2475 1280 2643 1345 clare
2690 1284 3067 1362 certumque

682 1389 972 1472 loquitur
1029 1384 1074 1449 1.
1127 1384 1166 1448 3
1214 1386 1308 1469 §l
1365 1385 1442 1449 D.
1495 1385 1602 1450 22.
1635 1385 1668 1449 1
1738 1386 1830 1462 (iu
1890 1387 1985 1448 his
2044 1407 2269 1471 quoque
2329 1385 2614 1463 iudiciie,
2680 1408 2874 1470 quae
2920 1407 3072 1447 uon

684 1500 870 1556 suut
933 1491 1381 1554 arbitraria
1441 1513 1576 1553 uec
1635 1491 1880 1554 bonae
1923 1490 2202 1576 fidei,
2256 1499 2400 1573 poet
2461 1492 2624 1554 litem
2685 1497 3073 1554 contectatam

686 1597 878 1662 actori
924 1619 1105 1660 eausa
1137 1598 1517 1679 praestanda
1565 1603 1652 1658 eet
1690 1602 1856 1675 etc.).
1905 1595 2196 1661 Tertium
2230 1619 2436 1682 genus
2474 1603 2572 1661 est
2610 1618 2832 1661 eorum
2850 1645 2865 1673 ,
2904 1616 3071 1680 quae

687 1726 763 1768 ex
810 1704 975 1768 bono
1021 1708 1083 1767 et
1132 1722 1332 1786 aequo
1379 1704 1693 1779 oriuntur,
1743 1723 2019 1786 quarum
2066 1709 2288 1765 natura
2335 1703 2610 1784 indulqet
2628 1752 2643 1780 ‚
2692 1708 2767 1766 ut
2812 1701 3074 1765 sobatius

688 1813 885 1875 etiam
904 1859 919 1886 ,
961 1829 1154 1894 quam
1193 1811 1260 1872 in
1299 1810 1498 1874 bonae
1545 1807 1693 1873 fidei
1741 1809 1997 1874 iudiciis
2044 1810 2399 1894 aequitatem
2443 1809 2611 1893 sequi
2655 1808 2843 1873 liceat
2882 1807 2949 1886 (l.
2986 1806 3071 1871 14

688 1916 813 2002 §6‚
854 1917 889 2000 ξ
920 1913 1001 1978 13
1041 1915 1118 1978 D.
1151 1915 1253 1978 11.
1286 1911 1370 1993 7).
1419 1913 1736 1979 Detractis
1782 1917 1989 2001 igitur
2027 1915 2129 1979 his
2166 1916 2374 1980 tribus
2414 1916 2757 2001 generibus
2796 1918 2861 1978 et
2896 1912 3076 1979 fidei-

688 2023 1014 2087 commissi
1059 2022 1363 2106 petitione
1390 2020 1460 2100 1),
1501 2022 1721 2104 quaeri
1757 2027 1972 2104 potest
2012 2042 2175 2105 quae
2214 2028 2513 2086 maneant
2553 2023 2774 2085 stricta
2810 2019 3075 2083 iudicia.

689 2129 944 2195 Diceres
1014 2148 1164 2191 cum
1227 2126 1461 2191 Ottone
1526 2124 1929 2190 Gradenwitz
1950 2175 1963 2202 ‚
2028 2127 2275 2211 reliqua
2340 2130 2555 2192 omnia
2617 2130 2837 2191 stricta
2897 2145 3075 2202 esse3

687 2235 879 2319 idque
949 2232 1295 2309 sufficeret,
1368 2234 1423 2294 si
1490 2231 1747 2316 plenam
1818 2235 2117 2296 notitiam
2178 2232 2560 2297 haberemus
2579 2280 2595 2309 ,
2662 2233 2863 2296 bonae
2922 2229 3079 2294 fidei

691 2360 852 2425 quae
913 2342 1043 2402 sint
1103 2337 1374 2414 iudicia,
1441 2339 1777 2401 arbitraria
1835 2337 1943 2403 vel
2008 2360 2082 2402 ex
2135 2340 2297 2404 bono
2346 2347 2410 2403 et
2458 2360 2659 2424 aequo
2709 2359 2869 2422 quae
2918 2339 3075 2399 sint.

691 2446 856 2526 Quia
910 2449 1087 2509 tanta
1147 2465 1273 2507 non
1332 2447 1427 2506 est
1473 2442 1747 2508 felicitas
1768 2493 1785 2521 ,
1836 2443 1959 2508 alia
2007 2448 2115 2508 via
2163 2446 2598 2529 quaerendum
2646 2450 2760 2510 est.
2830 2442 2952 2507 Sed
3001 2445 3077 2505 in

687 2556 826 2639 ipso
874 2550 1098 2614 limine
1146 2549 1477 2613 observare
1523 2548 1705 2626 licet,
1755 2553 1957 2613 certas
2004 2552 2281 2615 actiones
2323 2570 2543 2615 omnes
2560 2599 2577 2628 ‚
2619 2549 2827 2616 veluti
2864 2553 3078 2614 certae

689 2657 963 2723 creditae
1025 2655 1330 2740 pecuniae
1392 2660 1455 2718 et
1507 2657 1810 2739 pecuniae
1858 2658 2241 2720 constitutae
2286 2658 2635 2720 necessario
2683 2658 2922 2720 strictis
2967 2653 3080 2718 ad-

690 2764 1016 2828 numerari
1062 2760 1318 2825 iudiciis
1338 2808 1354 2837 ,
1404 2763 1556 2845 quia
1574 2809 1590 2838 ,
1640 2766 1716 2825 ut
1763 2764 2045 2826 comicus
2092 2764 2216 2839 ait,
2270 2763 2437 2846 quod
2478 2768 2787 2838 certumst,
2827 2783 2944 2824 nou
2984 2767 3079 2823 eet

692 2867 1083 2931 arbitrarium
1109 2865 1195 2945 ²);
1247 2866 1323 2929 de
1368 2868 1628 2930 incertis
1675 2869 1882 2952 igitur
1928 2867 2281 2932 videndum
2298 2916 2316 2944 ,
2367 2888 2526 2952 quae
2574 2888 2796 2933 eorum
2835 2868 3080 2931 strictis

691 2973 1208 3039 adnumerentur.
1274 2970 1359 3034 Et
1423 2969 1682 3055 quidem
1745 2994 1817 3034 ex
1876 2973 2175 3053 stipulatu
2239 2972 2579 3053 (actionem)
2634 3022 2647 3037 .
2681 3021 2694 3037 .
2724 3021 2738 3037 .
2770 3021 2784 3036 .
2843 2979 3079 3034 tamtum

693 3079 760 3143 iu
807 3078 1111 3141 eaaetione
1157 3077 1316 3140 dotis
1360 3076 1697 3156 meritasse)
1745 3085 1815 3140 ut
1859 3078 2042 3142 bonae
2068 3078 2232 3160 fidei
2275 3078 2360 3141 eit
2388 3076 2457 3158 ³),
2505 3080 2839 3143 notissima
2882 3078 3080 3142 verba

692 3189 844 3249 sunt
903 3185 1315 3268 imperatoria
1339 3180 1413 3263 4),
1477 3204 1753 3267 quorum
1814 3182 1967 3247 fides
2027 3182 2468 3260 labefactatur,
2531 3183 2642 3247 sed
2686 3204 2812 3247 non
2862 3184 3078 3247 omnis

693 3292 1007 3357 evertitur
1067 3310 1139 3355 eo
1158 3338 1174 3367 ,
1231 3290 1400 3374 quod
1445 3292 1745 3354 novimus
1794 3294 1939 3354 ante
1985 3287 2417 3354 Iustinianum
2463 3310 2946 3374 nonnumquam
2994 3310 3081 3352 ex

625 3446 628 3451 .
693 3395 1008 3482 stipulatu
1055 3398 1290 3460 actioni
1337 3396 1554 3460 addita
1599 3395 1798 3459 fuisse
1844 3395 2042 3459 verba
2088 3417 2174 3457 ea·
2212 3396 2267 3479 f
2277 3394 2406 3458 ide
2452 3396 2665 3459 bona.
2719 3395 3082 3459 Occurrunt

694 3504 867 3567 enim
915 3503 982 3564 in
1029 3521 1104 3563 ex
1155 3499 1470 3583 stipulatu
1516 3502 1763 3563 actione
1810 3499 2030 3563 damni
2074 3499 2296 3563 infecti
2316 3548 2331 3578 ,
2384 3520 2577 3584 quam
2623 3502 2920 3584 proponit
2964 3498 3079 3563 lex

692 3606 935 3670 Rubria
975 3626 1027 3668 c.
1055 3603 1163 3668 20.
1203 3601 1372 3668 Aliis
1414 3625 1663 3688 quoque
1704 3604 2225 3689 stipulationibus
2265 3605 2389 3667 viri
2426 3605 2563 3668 boui
2600 3606 2916 3668 arbitrium
2942 3651 2956 3667 .
2981 3652 2995 3668 .
3018 3652 3033 3669 .
3062 3654 3077 3669 .

696 3711 942 3789 iuesfiee)
1006 3711 1223 3774 visum
1284 3715 1382 3773 est
1408 3708 1480 3789 ⁵).
1547 3708 1680 3775 Cur
1725 3710 2146 3796 nihilomagis
2193 3712 2486 3775 recedam
2532 3712 2610 3776 ab
2657 3709 3079 3796 Imperatorio

693 3910 820 3974 quod
863 3906 1132 3956 observavit
1174 3904 1346 3963 Lenel,
1380 3904 1629 3967 (Boitriiqe
1663 3922 1706 3953 z.
1742 3904 1915 3955 Kmde
1950 3907 2032 3955 dee
2070 3905 2257 3965 Edicte,
2297 3905 2443 3965 1878,
2477 3922 2525 3970 p.
2562 3905 2662 3968 98),
2697 3905 2934 3971 duplicem
2968 3906 3080 3955 dari

691 3989 1015 4038 definitionem
1061 3986 1433 4036 arbitrariarum
1479 3985 1724 4035 actionum
1771 3986 1822 4034 in
1858 3990 1880 4048 §
1913 3988 1974 4035 31
2013 3987 2093 4035 cit.
2109 4009 2121 4046 3
2160 3987 2356 4035 dixisset
2390 3987 2521 4036 enim
2556 3990 2717 4037 utram
2751 3986 3072 4052 improbaret,

695 4087 757 4120 611
792 4073 1061 4133 utramque.
2734 4098 2737 4101 -

762 4153 812 4215 1)
860 4150 1024 4201 Verbis
1052 4151 1176 4201 enim
1201 4149 1554 4216 fideicommissi
1585 4150 1749 4199 bonam
1774 4150 1924 4215 fidem
1954 4151 2104 4200 inesse
2134 4155 2326 4199 constat
2360 4150 2401 4213 (l
2455 4151 2517 4199 56
2552 4152 2655 4212 (54)
2692 4152 2750 4199 D.
2789 4150 2957 4213 (36.1).

761 4236 816 4298 2)
851 4233 1098 4299 Amphitr.
1131 4232 1230 4282 872
1261 4231 1604 4297 (Fleckeisen)

761 4318 816 4380 3)
850 4316 1035 4366 Mer-uit
1065 4316 1195 4365 enim
1227 4330 1284 4363 ex
1317 4314 1552 4378 stipulatu
1586 4315 1643 4363 de
1679 4315 1790 4363 dote
1824 4313 1949 4363 aetio
1984 4312 2138 4361 bonae
2172 4313 2282 4362 fidoi
2317 4316 2541 4362 naturam
2575 4313 2768 4378 abipso
2786 4312 3074 4362 Iustiniano-

761 4402 817 4462 4)
848 4398 952 4460 §29
989 4397 1323 4447 1nst.1v.e.

767 4434 3071 4546 5)Ι....731)5016;1.,396971).·3.53133114611.181)..;467
