3351 5463
1336 383 1658 428 κΕΡΜΑτΑ.
2561 362 2693 430 349

320 543 520 609 editor
580 545 895 608 consentit
953 545 1090 628 ipse
1150 565 1277 609 non
1322 542 1639 609 addidisse
1685 541 2179 628 Xenophontem
2199 592 2215 621 ,
2263 543 2431 609 unde
2479 542 2695 612 Conon

319 653 653 713 arceretur.
700 648 840 714 Hoc
884 651 1101 733 ipsum
1142 648 1393 714 disertis
1432 649 1643 714 verbis
1682 650 1920 713 fatetur
1961 649 2514 715 Breitenbachius:
2570 650 2696 727 „Es

318 753 474 821 :wird
536 754 715 818 nicht
771 760 1003 840 gesagt
1021 803 1038 832 ,
1104 775 1316 819 woran
1378 776 1446 818 er
1506 754 1880 821 verhindert
1945 755 2183 819 wurde.
2248 754 2378 820 Das
2431 755 2701 820 erkennt

317 878 466 923 man
512 859 663 924 aber
705 879 818 923 aus
864 858 1010 924 dem
1057 857 1447 946 Gegensatz':
1502 859 1661 937 »τὰς
1712 859 1776 924 δὲ
1822 860 2046 946 λοισι-ας
2098 866 2212 924 τῶν
2259 867 2399 926 νεῶν
2449 899 2534 910 -
2583 860 2698 926 ὑπὸ

318 963 399 1042 τῷ
448 962 652 1042 τείχει
698 963 1042 1028 ἀνείλκυσε.
1093 963 1221 1029 1)61
1267 963 1422 1028 Sinn
1469 967 1556 1029 ist
1604 963 1774 1042 also:
1823 963 1921 1029 Da
1971 963 2224 1041 Conon,
2276 965 2444 1030 bevor
2492 987 2558 1031 er
2598 964 2698 1031 (116

318 1068 530 1134 Flotte
546 1116 565 1152 ,
634 1071 755 1134 wie
814 1090 883 1133 er
942 1090 1009 1135 es
1068 1070 1532 1155 beabsichtigte
1551 1117 1568 1147 ,
1631 1075 1823 1134 unter
1887 1069 1998 1134 der
2056 1051 2286 1135 Mauer
2347 1089 2459 1134 ans
2485 1115 2492 1120 -
2519 1069 2700 1135 Land

318 1174 539 1239 ziehen
621 1174 858 1239 konnte
876 1221 892 1252 ,
982 1174 1176 1238 daran
1244 1173 1593 1237 verkindert
1662 1172 1880 1238 wurde
1951 1173 2260 1255 (namlich
2327 1174 2528 1240 durch
2600 1174 2702 1240 die

318 1279 850 1364 Wahrnehmung
864 1325 881 1356 ,
945 1278 1087 1344 dass
1149 1278 1261 1343 der
1316 1279 1456 1342 ihm
1520 1279 1637 1344 auf
1691 1279 1836 1342 dem
1900 1277 2099 1342 Fusse
2163 1277 2458 1364 folgende
2505 1278 2746 1348 Feind.

319 1383 476 1448 eben
536 1386 707 1448 seine
767 1384 1154 1448 hinstersten
1217 1381 1448 1448 Schiffe
1468 1388 1475 1396 ’
1496 1383 1805 1446 erreichte
1851 1382 1981 1446 und
2029 1382 2308 1468 angriff),
2357 1404 2427 1448 so
2474 1384 2588 1448 sah
2637 1404 2705 1448 er

316 1488 453 1553 sich
510 1489 853 1574 geniithigt
912 1510 993 1552 zu
1052 1487 1424 1572 kampfen.'’
1501 1486 1959 1571 Consequitur,
2032 1493 2145 1552 aut
2207 1487 2703 1573 Xenophontem

316 1598 452 1659 tam
514 1613 744 1678 parum
808 1593 1157 1657 facundum
1203 1595 1580 1677 scriptorem
1627 1593 1824 1656 fuisse
1843 1639 1859 1668 ,
1909 1596 1986 1656 ut
2031 1613 2110 1657 ne
2158 1593 2705 1680 simplicissimam

317 1698 578 1783 quidem
637 1719 776 1764 rem
836 1700 988 1776 satis
1051 1699 1305 1762 disertis
1370 1698 1582 1762 verbis
1645 1696 1962 1780 explicare
2024 1701 2342 1783 potuerit,
2409 1704 2521 1764 aut
2567 1705 2705 1764 tam

316 1801 642 1868 difficilem
725 1824 796 1868 ac
879 1803 1259 1889 perplexum
1337 1801 1656 1870 Graecum
1730 1822 2090 1867 sermonem
2158 1823 2294 1868 esse
2312 1852 2328 1878 ‚
2418 1809 2493 1868 ut
2561 1809 2707 1889 post

318 1909 680 1974 multorum
749 1929 1066 1974 annorum
1132 1908 1423 1974 studium
1490 1909 1626 1972 61116
1699 1906 1914 1991 amplo
1987 1911 2446 1973 commentario
2518 1929 2705 1974 nemo

318 2016 628 2099 suspicari
688 2017 922 2099 possit,
988 2013 1141 2098 quid
1203 1997 1394 2079 verba
1433 2011 1710 2076 valeant.
1775 2011 1870 2076 Ne
1919 2014 2214 2078 convenit
2263 2013 2523 2097 quidem
2541 2061 2557 2089 ,
2606 2016 2706 2077 uti

320 2120 501 2186 vides
519 2167 536 2196 ,
598 2121 765 2184 inter
825 2118 1383 2184 Breitenbachium
1430 2122 1491 2182 61
1541 2117 2200 2182 Biichsenschiitzium
2245 2117 2564 2203 illumque
2610 2139 2707 2184 ro-

320 2230 552 2310 gatum
598 2222 799 2288 velim
818 2272 833 2302 ,
882 2244 1042 2288 num
1089 2242 1310 2289 revera
1355 2226 1540 2306 putet
1588 2220 1930 2306 Spartanos
1977 2242 2102 2286 non
2152 2225 2432 2306 potuisse
2470 2222 2705 2287 adoriri

321 2329 811 2394 Atheniensium
874 2327 1143 2393 classem
1162 2375 1177 2404 ,
1258 2326 1610 2392 dummodo
1673 2323 1894 2391 Conon
1955 2346 2150 2390 naves
2211 2333 2356 2390 ante
2415 2328 2704 2392 hostium

322 2433 671 2499 adventum
734 2433 1159 2498 subduxisset.
1224 2431 1349 2497 Sed
1411 2431 1565 2516 quid
1628 2451 1803 2495 cesso
1866 2451 2086 2496 1616111
2139 2433 2523 2515 scripturam
2568 2453 2706 2516 pro-

322 2536 536 2604 mere?
594 2537 783 2603 Nunc
845 2558 1095 2623 quoque
1157 2536 1398 2602 accedit
1460 2535 1629 2620 quod
1690 2553 1875 2620 saepe
1937 2535 2235 2600 accidisse
2298 2539 2583 2621 comperi
2641 2542 2704 2600 et

320 2646 516 2708 nimis
576 2643 938 2729 negligitur
997 2642 1185 2708 hodie
1251 2661 1439 2727 opera
1494 2646 1789 2705 veterum
1837 2642 2222 2705 criticorum.
2287 2639 2706 2707 coniecerunt

318 2750 555 2814 Portus
624 2754 689 2814 et
759 2748 1175 2815 Leonclavius
1244 2771 1455 2811 κατα
1480 2749 1764 2811 κλεισθ
1787 2747 1856 2812 εί
1873 2772 1901 2819 ς
1922 2794 1939 2824 ,
2009 2746 2086 2811 (16
2161 2768 2287 2833 qua
2347 2750 2705 2813 coniectura

318 2852 741 2920 Schneiderus
815 2856 909 2919 ita
976 2853 1251 2918 iudicat:
1336 2852 1696 2936 „Equidem
1717 2851 1779 2929 ,''
1866 2853 2117 2935 inquit,
2192 2852 2703 2928 »κατακλεισθείς

319 2958 640 3045 praefero:
706 2958 947 3049 alioqui
996 2958 1290 3023 additum
1340 2960 1623 3041 oportuit
1669 2957 1738 3021 id
1786 2977 1823 3021 a
1870 2975 1994 3040 quo
2041 2956 2376 3029 arcebatur
2421 2956 2702 3024 Conon.’'

318 3062 490 3127 mud
557 3069 753 3129 restat
822 3082 1153 3147 quaerere,
1222 3062 1537 3146 quomodo
1608 3059 1868 3125 tandem
1934 3058 2149 3127 Conon
2179 3080 2184 3087 ·
2211 3061 2572 3147 Mytilenen
2634 3065 2704 3126 in

319 3174 582 3253 portum
650 3160 1029 3254 pervenerit.
1104 3164 1423 3251 Georgius
1494 3162 1738 3230 Grotus
1805 3164 1980 3229 Hist.
2054 3163 2167 3231 Gr.
2236 3165 2386 3229 VIII
2442 3189 2504 3250 p.
2574 3165 2700 3232 167

318 3273 810 3358 Xenophontem
869 3275 1281 3358 potissimum
1335 3272 1646 3355 sequitur,
1697 3270 1994 3354 equidem
2042 3269 2204 3334 olim
2250 3271 2474 3334 Mnem.
2529 3270 2702 3339 1852

319 3401 383 3463 p.
432 3376 566 3444 230
629 3378 833 3443 malui
893 3399 999 3442 me
1050 3377 1127 3441 ad
1174 3375 1528 3441 Diodorum
1575 3374 1912 3459 applicare.
1963 3374 2177 3439 Unam
2224 3380 2394 3440 certe
2442 3362 2704 3441 difficulss

320 3488 524 3548 tatem
543 3529 559 3561 ,
639 3504 764 3567 qua
845 3482 1108 3547 illorum
1178 3487 1545 3565 temporum
1611 3480 1886 3545 historia
1958 3480 2353 3557 obscuratur,
2427 3479 2702 3565 effugere

321 3590 557 3673 poteris
576 3637 592 3666 ,
665 3590 721 3652 si
790 3585 1448 3673 Biichsenschiitzium
1525 3584 1744 3650 audies
1811 3584 1892 3649 ad
1959 3584 2134 3649 Hell.
2207 3584 2258 3649 I.
2311 3586 2370 3649 6.
2401 3585 2507 3650 30.
2577 3584 2704 3651 Sed

323 3696 610 3778 quaestio
657 3693 789 3758 sola
837 3714 948 3778 per
996 3712 1061 3756 66
1117 3696 1400 3776 spectata
1445 3693 1556 3754 vix
1604 3696 1773 3754 16616
1824 3694 2083 3755 11661611
2129 3694 2367 3775 poterit
2382 3711 2398 3768 ;
2456 3711 2705 3775 exspec-

321 3798 593 3863 tandum
632 3799 827 3863 donec
866 3796 1205 3882 aliquando
1243 3796 1493 3881 liquido
1534 3798 1890 3860 constiterit
1928 3796 2005 3861 de
2051 3794 2534 3861 Hellenicorum
2581 3795 2704 3860 fide

323 3909 389 3967 et
436 3905 833 3967 auctoritate.
1386 3926 1395 3933 ·

415 4004 584 4071 XIV.
653 4007 817 4071 Ibid.
865 4005 915 4071 I.
968 4005 1027 4070 6.
1063 4004 1179 4071 19:
1230 4004 1367 4076 τοὺς
1419 4003 1738 4083 ἐπιβάτας
1785 4005 1872 4073 εἰς
1919 4004 2120 4079 κοίλην
2171 4009 2316 4068 ναῦν
2363 4006 2706 4083 μεταβι-

322 4112 639 4191 βάσας,
701 4112 869 4196 quod
929 4114 1092 4176 ratio
1154 4111 1379 4176 suadet
1440 4117 1513 4175 ut
1570 4109 1994 4175 rescribamus
2059 4108 2700 4188 καταβιβάσας,

320 4217 391 4282 id
451 4217 765 4287 Herodoti
809 4215 959 4280 VIII
1008 4214 1134 4280 119
1202 4218 1648 4282 testimonium
1709 4216 2076 4282 confirmat:
2127 4213 2268 4286 τοὺς
2317 4216 2430 4293 μὲν
2478 4216 2546 4279 ἐκ
2593 4220 2700 4281 τοῦ

319 4322 815 4403 καταςρώματος
879 4321 1341 4399 καταβιβάσας
1409 4322 1469 4390 ἒς
1532 4321 1770 4395 κοίλην.
1806 4321 1932 4386 νέα.
1998 4320 2300 4386 Obtendit
2351 4319 2569 4386 Conon
2615 4323 2701 4386 τὰ

296 4428 783 4510 παραρρύματα
832 4449 911 4499 116
957 4430 1235 4513 remiges
1281 4428 1359 4493 ab
1407 4428 1705 4493 hostibus
1751 4429 2027 4512 conspici
2073 4430 2333 4511 possent
2379 4426 2701 4512 simulque
