3351 5463
1262 411 1760 461 uusrormnns.
2041 447 2052 456 .
2565 389 2696 457 331

318 574 643 660 iungenda
704 578 874 641 enim
939 583 1036 641 est
1081 597 1231 642 cum
1278 564 1711 642 cohortatione
1757 595 1916 660 quae
1964 573 2316 659 praeeedit:
2366 573 2547 654 χώρει
2599 577 2698 636 νῦν

321 683 448 749 πᾶς
488 680 767 760 ἀνδρείως
815 688 972 746 ete.:
1010 683 1345 746 succulento
1372 681 1645 764 prandio
1681 680 1904 766 refecti
1943 702 2142 744 sumus
2159 727 2176 759 ‚
2216 680 2420 764 itaque
2457 701 2576 743 non
2613 684 2702 742 eet

316 787 635 849 verendum
672 810 747 850 ne
783 787 1169 868 eompburium
1208 789 1487 851 horarum
1524 786 1925 851 ambulatione
1961 785 2142 850 nimis
2165 785 2584 871 defetiqemur.
2613 821 2696 833 —

318 888 491 968 Quae
552 911 704 956 cum
762 894 857 956 ita
922 895 1083 970 sint,
1148 895 1303 958 satis
1350 898 1613 979 apparet
1659 892 1815 976 quid
1862 911 2150 956 censeam
2197 890 2272 956 de
2319 892 2700 965 coniecturis

315 995 585 1080 prolatis
646 996 933 1071 ἠσίτηται
1000 1004 1065 1062 et
1130 998 1526 1075 ἡγίστευται,
1592 1019 1753 1082 quae
1818 996 1938 1061 hoc
1998 1017 2249 1081 quoque
2295 995 2698 1060 incommodo

314 1106 699 1184 premuntur
758 1102 927 1187 quod
985 1106 1327 1189 gravitatis
1371 1123 1659 1169 morosae
1707 1101 1948 1187 aliquid
1992 1104 2061 1166 in
2106 1101 2320 1167 locum
2367 1102 2701 1166 festivissi-

316 1227 505 1271 mum
547 1208 851 1273 inferunt.

409 1406 509 1471 Ad
552 1427 648 1473 vs.
700 1407 874 1473 1099
900 1428 1034 1493 sqq.
1100 1445 1185 1456 --
1246 1408 1599 1494 Postquam
1660 1411 1799 1475 fuse
1841 1409 2179 1496 Euripides
2225 1413 2291 1474 et
2335 1407 2694 1496 Aeschylus

314 1512 391 1576 de
451 1519 589 1578 arte
651 1535 767 1579 sua
817 1517 880 1578 in
930 1516 1309 1580 universum
1356 1514 1768 1600 disputarunt
1785 1564 1802 1594 ‚
1851 1517 2042 1582 breve
2085 1516 2515 1600 interponitur
2559 1534 2699 1578 can-

312 1619 520 1683 ticum
568 1620 745 1684 chori
764 1667 779 1698 ‚
832 1641 955 1705 quo
1002 1640 1245 1685 novum
1294 1641 1518 1685 eorum
1564 1619 1996 1687 introducitur
2044 1625 2360 1686 certamen
2379 1668 2396 1698 ,
2445 1619 2522 1684 de
2559 1640 2698 1704 pro-

314 1721 485 1809 logis
550 1724 792 1790 scilicet
835 1727 969 1790 iam
1018 1730 1170 1790 sunt
1214 1726 1668 1811 disceptaturi:
1722 1727 2008 1805 „Balbum
2054 1727 2244 1790 instat
2283 1725 2699 1808 qraviesimum

317 1835 377 1890 et
422 1829 679 1894 dimemtu
726 1831 1147 1913 dvfficillimum
1162 1879 1179 1911 ‚

948 1932 1098 2001 ὅταν
1146 1937 1173 2000 ὃ
1219 1938 1335 2015 μὲν
1380 1938 1544 2019 τείνῃ
1590 1938 1848 2017 βιαίως,

948 2041 977 2106 ὃ
1027 2042 1079 2107 δ’
1129 2041 1627 2123 ἐπαναστρέφειν
1675 2043 1926 2118 δύνηται

946 2147 1051 2212 καὶ
1104 2149 1511 2226 ἔπερείδεσθαι
1558 2155 1777 2230 τορῶς,

323 2273 489 2328 „eum
534 2252 731 2315 alter’'
784 2285 867 2301 —--
920 2253 1319 2340 Aeschylum
1365 2261 1524 2340 puta
1572 2293 1656 2304 -—-
1711 2254 2010 2333 „violento
2055 2254 2279 2335 impetu
2315 2253 2384 2316 in
2420 2254 2696 2316 adversa-

248 2409 252 2411 .
316 2357 517 2432 „rium
576 2356 808 2434 irruat,
875 2359 1032 2422 alter
1090 2381 1225 2423 vero
1272 2360 1341 2423 in
1390 2381 1517 2423 eum
1565 2367 1900 2424 convertere
1946 2381 2009 2422 ee
2041 2357 2304 2440 poesitss’
2354 2358 2441 2421 At
2482 2377 2694 2443 nugae

314 2461 433 2526 hae
496 2468 648 2527 sunt
706 2483 916 2528 merae
935 2512 953 2541 ‚
1015 2485 1140 2529 non
1204 2467 1377 2529 enim
1424 2464 1578 2550 quid
1621 2467 1825 2550 possit
1871 2465 2074 2530 facere
2119 2462 2459 2548 Euripides
2524 2483 2694 2528 nunc

316 2569 645 2650 quaeritur
708 2568 819 2633 sed
881 2569 1038 2653 quid
1097 2590 1319 2636 revera
1380 2574 1465 2635 sit
1526 2571 1846 2649 facturus;
1897 2573 2041 2656 quis
2087 2574 2307 2635 autem
2353 2573 2449 2634 est
2495 2568 2690 2632 homo

314 2672 425 2757 qui
511 2673 777 2739 artubus
861 2674 1074 2741 valeat
1143 2696 1345 2762 neque
1414 2678 1481 2741 in
1551 2677 1804 2742 hostem
1873 2695 1940 2742 00
2009 2677 2210 2762 possit
2279 2668 2690 2740 convertere?

310 2776 697 2863 Suspectum
765 2786 1091 2865 praeterea
1153 2818 1239 2831 --
1302 2803 1381 2848 ne
1450 2784 1766 2848 vitiosum
1837 2782 2046 2847 dicam
2095 2818 2178 2830 —
2228 2785 2326 2845 est
2397 2781 2688 2846 activum

310 2883 805 2966 ἐπαναστρέφειν
865 2908 978 2971 pro
1040 2887 1251 2953 medio
1298 2888 1404 2953 hic
1450 2894 1856 2974 usurpatum.
1907 2887 2204 2955 Comicus
2253 2887 2591 2972 scripserat
2637 2886 2692 2948 si

314 2990 469 3075 quid
517 2990 737 3057 video:
2359 3014 2366 3017 “

950 3098 1075 3163 ὅδ’
1130 3100 1673 3182 ἐπαναστροφὴν
1721 3108 2061 3176 ποιῆται

952 3203 1058 3268 καὶ
1108 3204 1546 3286 ἕπερείδηται
1595 3212 1798 3287 τορῶς.

406 3419 507 3485 Ad
551 3439 645 3486 vs.
704 3419 899 3485 1196.
966 3458 1051 3471 -
1115 3421 1495 3509 Aeschylus·
1536 3424 1681 3487 risit
1740 3420 2119 3508 Euripidem
2137 3470 2153 3498 ,
2218 3422 2332 3505 qui
2378 3419 2696 3505 Oedipum

318 3524 507 3603 ἄνδρα
567 3524 635 3589 τὸ
700 3532 927 3604 πρῶτον
979 3525 1326 3603 εὐδαίμονα
1376 3527 1677 3606 dixisset;
1727 3532 1872 3592 tum
1917 3524 2240 3612 Dionysus
2288 3545 2436 3589 cum
2481 3540 2698 3589 amara

312 3633 520 3697 ironia
555 3630 913 3700 exclamat:

1558 3737 1865 3815 εὐδαίμων
1909 3734 2009 3818 ἄρ’
2061 3733 2151 3813 ἦν,

774 3845 823 3909 εἰ
875 3843 1393 3923 κάστρατήγησέν
1444 3846 1712 3921 yepes-1¹⁹
1760 3842 2159 3923 Ἐρασινίδου.

317 3948 490 4028 Quae
556 3954 775 4034 aperto
836 3951 999 4015 vitio
1053 3949 1379 4027 laborant,
1426 3950 1622 4016 verbo
1670 3952 1846 4014 enim
1893 3944 1960 4023 ἦν
2009 3945 2371 4012 addendum
2417 3948 2554 4010 erat
2596 3942 2694 4010 ἄν.

316 4055 457 4120 Non
504 4061 721 4121 tamen
767 4076 881 4142 pro
930 4054 1025 4134 ἄρ’
1072 4054 1423 4141 legendum
1470 4060 1569 4121 est
1614 4054 1712 4132 ἄν,
1762 4054 1930 4140 quod
1975 4053 2212 4118 habent
2260 4051 2500 4116 codices
2547 4072 2696 4114 non-

212 4190 217 4194 ·
316 4160 517 4238 nulli,
582 4161 692 4226 sed
753 4163 996 4245 optimo
1058 4162 1199 4225 iure
1260 4162 1453 4226 verba
1515 4162 1822 4235 εὐδαίμων
1874 4158 1970 4237 ἄρ’
2019 4154 2086 4231 ἦν
2136 4155 2455 4243 Aeschylo
2501 4157 2696 4220 conti-

314 4268 545 4332 nuavit
605 4265 902 4352 Blaydes.
968 4264 1137 4344 Quid
1198 4269 1414 4331 autem
1476 4266 1588 4330 fiet
1631 4285 1825 4331 versu
1867 4258 2200 4348 sequenti?
2247 4260 2422 4326 Dicit
2469 4262 2696 4346 opinor

314 4371 639 4459 Dionysus
660 4419 676 4449 ,
738 4392 956 4437 secum
1017 4370 1281 4455 loquens
1341 4371 1449 4437 vel
1502 4371 1581 4436 ad
1626 4373 2010 4456 spectatores
2059 4386 2434 4433 conversus:
2485 4366 2696 4429 Erasi-

314 4478 489 4543 nidee
548 4485 702 4542 certe
762 4477 1043 4558 colleyam
1096 4498 1223 4540 ewm
1267 4499 1386 4541 non
1430 4477 1672 4543 habuit:
1720 4482 1798 4545 ut
1843 4474 2072 4540 multis
2118 4476 2187 4537 in
2230 4474 2418 4538 rebus
2447 4470 2693 4535 infelix
