3351 5463
1098 411 1489 464 auomsmnn
1537 413 1968 465 nemrim-rm.
2597 397 2728 465 415

326 579 703 646 vLeeuwen
760 578 909 645 inde
968 599 1005 644 a
1066 600 1161 646 vs.
1212 577 1366 660 554,
1429 579 1836 665 interpolatio
1880 581 2157 665 incipere
2203 580 2470 646 dicatur.
2541 582 2628 646 At
2675 585 2732 647 si

326 689 433 751 ita
474 691 606 764 est,
656 706 779 752 non
826 688 1042 770 potuit
1086 707 1214 751 non
1260 691 1538 752 totum
1582 684 1803 752 locum
1842 705 1937 751 vs.
1982 682 2338 752 546--558
2385 686 2726 752 Pisistrato

328 793 620 859 tribuere
667 790 1076 857 Dieuchidas.
1143 791 1271 857 Sed
1317 813 1445 877 quo
1492 794 1633 856 iure
1679 790 1746 855 id
1792 791 2012 857 fecerit
2058 813 2246 857 nemo
2301 792 2498 859 videt.
2564 792 2731 858 Nam

329 903 485 983 post
529 898 831 963 ducentos
880 917 1093 974 annos,
1142 900 1257 982 qui
1302 900 1471 962 inter
1518 897 1936 962 Pisistratum
1981 902 2047 962 et
2085 897 2507 963 Dieuchidam
2544 901 2736 965 inter-

329 1008 662 1070 cesserunt
689 1002 760 1084 ¹),
826 1003 994 1068 tradi
1055 1005 1338 1088 potuisse
1400 1002 1475 1068 de
1538 1023 1611 1069 ea
1674 1023 1744 1067 re
1806 1001 1975 1087 quod
2039 1003 2162 1069 fide
2211 1004 2482 1089 dignum
2529 1010 2730 1096 esset,

330 1110 451 1174 vix
498 1110 839 1193 quisquam
886 1107 1316 1185 contenderit;
1367 1111 1726 1194 permirum
1779 1113 2000 1173 autem
2054 1112 2220 1173 esset
2273 1111 2329 1173 si
2386 1109 2730 1176 divinando

336 1213 727 1279 Dieuchidas
806 1235 944 1279 rem
1023 1235 1141 1279 acu
1214 1215 1539 1300 tetigisset
1565 1211 1635 1294 ²).
1727 1213 1950 1298 Neque
1969 1261 1985 1290 ,
2067 1219 2383 1298 quantum
2463 1217 2704 1280 scimus
2717 1263 2736 1294 ,

334 1318 699 1384 Zenodotus
719 1368 735 1399 ,
798 1322 911 1405 qui
973 1320 1306 1385 damnavit
1355 1341 1481 1385 vss.
1526 1317 1906 1396 553-555,
1962 1323 2076 1383 aut
2131 1320 2568 1397 Aristarchus,
2627 1322 2739 1405 qui

336 1447 439 1490 vs.
491 1423 623 1489 558
682 1445 761 1489 ne
820 1427 1075 1510 scripsit
1136 1424 1397 1511 quidem
1416 1473 1432 1504 ,
1481 1444 1706 1509 operae
1761 1426 2042 1509 pretium
2089 1407 2274 1489 duxit
2320 1425 2736 1490 Pisistratum

335 1533 617 1597 excitare
648 1529 718 1611 ³).
790 1530 1183 1596 Dieuchidae
1244 1513 1393 1596 vero
1456 1532 1611 1595 satis
1674 1534 1811 1595 erat
1873 1551 2099 1596 causae
2145 1531 2403 1616 petendi
2449 1532 2740 1598 Pisistra-

334 1642 507 1701 tum.
576 1636 766 1701 Patet
828 1638 1005 1701 enim
1064 1634 1529 1720 interpolatum
1593 1655 1728 1700 esse
1787 1640 2084 1700 nostrum
2146 1635 2363 1701 locum
2379 1685 2396 1714 ,
2459 1640 2736 1722 exceptis

334 1743 607 1806 fortasse
668 1762 797 1807 vss.
856 1739 1008 1820 546,
1076 1739 1229 1816 552,
1296 1740 1448 1818 556,
1512 1738 1663 1817 55¹7,
1730 1741 1948 1806 Attica
2009 1746 2227 1807 autem
2290 1744 2473 1830 origo
2519 1743 2739 1828 prodit

335 1845 857 1912 luculentissime
883 1845 935 1926 4)
953 1893 969 1923 ,
1035 1849 1288 1912 etiamsi
1352 1849 1678 1911 mittimus
1737 1867 1809 1910 ea
1861 1867 2024 1931 quae
2072 1846 2150 1912 de
2195 1847 2497 1913 Eleusine
2545 1868 2738 1934 supra

334 1957 492 2017 sunt
552 1954 800 2018 monita
824 1959 911 2032 5);
980 1971 1255 2036 cumque
1316 1972 1410 2017 vs.
1464 1950 1595 2016 558
1654 1949 1868 2016 insula
1927 1950 2201 2017 Salamis
2216 2000 2234 2030 ‚
2299 1974 2496 2037 quam
2542 1953 2736 2018 Athe-

334 2061 591 2124 nienses
659 2060 729 2124 vi
800 2062 863 2123 et
932 2060 1125 2122 armis
1195 2056 1684 2144 Megarensibus
1753 2059 2120 2142 eripuerant
2138 2105 2153 2135 ‚
2235 2059 2771 2136 Atheniensibus·

336 2164 624 2228 subiecta
662 2171 1052 2249 proponatur
1078 2163 1151 2244 ο),
1192 2166 1284 2230 ita
1322 2169 1397 2228 ut
1433 2163 1667 2228 horum
1693 2162 2055 2228 dominium
2079 2184 2113 2228 e
2138 2164 2534 2248 temporibus
2557 2185 2732 2250 repe-

412 2471 467 2534 1)
504 2469 819 2520 Dieuchidam
856 2471 1029 2522 vixisse
1060 2471 1173 2520 1111
1208 2486 1253 2519 a.
1284 2471 1401 2520 Chr.
1438 2487 1486 2520 n.
1520 2470 1708 2520 saeculo
1741 2471 1885 2520 evicit
1920 2472 2272 2521 vWilamowitz
2308 2472 2378 2521 1.1.
2409 2489 2452 2537 p.
2475 2473 2588 2524 240.
2613 2474 2730 2522 241.

408 2553 464 2616 2)
501 2551 868 2601 VWilamowitz
901 2567 1009 2602 cum
1044 2552 1161 2601 dicit
1200 2552 1305 2601 »die
1340 2555 1630 2613 vermutung
1666 2553 1747 2600 des
1785 2551 2067 2600 Dieuchidas
2103 2552 2165 2601 ist
2204 2553 2362 2602 nichts
2390 2553 2461 2602 als
2487 2554 2592 2602 eine
2629 2569 2730 2602 ver·

336 2636 547 2696 mutuug
597 2632 709 2682 aber
769 2634 839 2682 sie
885 2633 947 2682 ist
982 2632 1209 2697 richtig”,
1246 2649 1341 2682 non
1377 2634 1426 2682 id
1460 2634 1565 2682 vult
1599 2635 1727 2681 recte
1765 2633 2056 2697 suspicatum
2093 2649 2190 2681 esse
2229 2633 2538 2683 Dieuchidam
2572 2635 2729 2684 locum

336 2719 559 2765 nostrum
608 2731 640 2765 a
690 2714 959 2765 Pisistrato
1008 2731 1107 2765 esse
1156 2715 1530 2780 interpolatum,
1575 2715 1656 2764 sed
1703 2714 2035 2764 tantummodo
2081 2719 2232 2769 acute,
2253 2715 2377 2765 illud
2412 2715 2583 2765 vidisse
2617 2731 2728 2767 eum

334 2798 676 2861 interpolatum
708 2812 805 2847 osse
837 2801 1059 2847 nostrum
1094 2798 1249 2847 locum
1268 2835 1281 2857 ,
1314 2798 1700 2861 interpolatorem
1733 2802 1894 2847 autem
1918 2798 2076 2861 sui-ue
2111 2784 2456 2847 Athenien-sein.
2495 2799 2566 2847 Ut
2599 2799 2728 2847 enim

336 2894 483 2943 supra
510 2879 607 2927 iam
636 2878 909 2928 monuimus
933 2879 1001 2943 (1).
1020 2880 1163 2941 413),
1190 2878 1447 2927 secundum
1478 2878 1705 2927 vWilam.
1737 2878 1774 2927 is
1803 2879 1886 2941 qui
1904 2879 2058 2927 credit
2077 2879 2382 2927 Pisistratum
2401 2879 2730 2945 interpolasse,

337 2976 432 3010 non
469 2963 626 3025 potest
660 2977 754 3010 non
790 2962 983 3009 credere
1017 2976 1127 3009 eum
1162 2961 1449 3010 recensuisse
1483 2960 1691 3011 Homeri
1722 2965 1906 3009 textum
1935 2961 2006 3026 (p.
2040 2961 2154 3010 238.
2175 2961 2315 3025 240).
2353 2963 2420 3010 At
2443 2963 2728 3011 recensuisse

338 3048 483 3106 negat
525 3041 823 3092 vWilamow.
872 3042 931 3092 cf.
984 3058 1031 3106 p.
1067 3042 1180 3092 264.
1232 3043 1343 3109 Non
1388 3045 1521 3091 tenet
1566 3043 1720 3106 igitur
1765 3042 2189 3091 Wilamowitzium
2235 3044 2390 3091 Cauer
2433 3059 2542 3093 cum
2579 3044 2728 3093 dicit:

343 3125 489 3174 ‚Was
538 3140 593 3173 er
634 3123 959 3187 (Dieuchidas)
1008 3122 1125 3172 iiber
1175 3124 1250 3171 die
1304 3123 1573 3188 Fiilschung
1616 3124 1774 3173 lehrte
1818 3123 1896 3172 die
1930 3124 2236 3173 Peisistratos
2269 3124 2338 3173 im
2375 3125 2610 3173 Interesse
2643 3126 2728 3175 der

337 3205 589 3255 Attischen
636 3204 819 3254 Politik
868 3219 1239 3268 vorgenommen
1284 3203 1429 3263 habe,
1455 3204 1575 3253 'war
1621 3204 1865 3253 vielleicht
1908 3204 2062 3253 blosze
2104 3206 2406 3269 Vermutung
2441 3204 2726 3269 eingegeben

337 3287 491 3337 durch
537 3286 628 3335 den
672 3287 799 3335 Hass
833 3287 914 3334 des
956 3286 1207 3349 Megarers
1240 3300 1389 3349 gegen
1423 3286 1499 3335 die
1532 3286 1898 3334 Unterdriicker
1932 3284 2087 3333 seiner
2122 3285 2421 3342 Vaterstadt,
2459 3284 2570 3333 aber
2602 3282 2726 3335 auc‘h

336 3368 439 3419 dier
489 3369 578 3417 hat
628 3366 983 3419 vmzammoitz
1034 3368 1104 3428 (S.
1154 3367 1253 3415 248
1287 3367 1407 3430 fgg.)
1466 3368 1671 3415 erl-aunt
1715 3366 1820 3414 und
1852 3365 2096 3427 ylaublich
2132 3366 2390 3436 yemacht„
2417 3364 2522 3413 eine
2565 3366 2726 3415 wahre

337 3448 687 3514 Vermutung.”
739 3451 852 3499 Non
895 3449 1003 3498 iure
1052 3448 1205 3512 igitur
1249 3448 1458 3498 miratur
1504 3448 1658 3496 Cauer
1706 3453 1776 3511 (p.
1812 3448 1902 3510 88)
1941 3446 2358 3499 wilamowitzium
2396 3460 2618 3510 respuere
2652 3462 2725 3496 re-

336 3531 607 3581 censionem
641 3530 991 3580 Pisistrateam.
1570 3544 1579 3551 ·

407 3614 456 3675 8)
490 3612 679 3661 Scholia
714 3619 759 3661 A
794 3613 852 3661 ad
890 3619 922 3660 Β
943 3613 1040 3661 553
1077 3615 1126 3660 et
1162 3611 1221 3660 ad
1256 3616 1291 3660 r
1312 3611 1424 3661 280.

402 3696 457 3757 4)
509 3696 650 3759 Quod
695 3695 874 3744 frustra
920 3697 1066 3758 negat
1104 3693 1251 3742 Flach
1285 3693 1358 3742 m.
1392 3709 1439 3757 p.
1475 3692 1557 3741 29.
1603 3692 1772 3754 Neque
1807 3694 1969 3739 tamen
2008 3694 2150 3753 negat
2185 3690 2343 3740 locum
2377 3690 2723 3755 interpolatum

337 3792 464 3835 esse,
518 3782 571 3825 ut
620 3776 735 3825 facit
787 3776 951 3825 Lehrs.
998 3775 1066 3824 1.1.
1117 3792 1162 3840 p.
1200 3776 1316 3824 441.
1364 3772 1651 3837 Cognovisse
1704 3772 2006 3822 Herodotum
2040 3787 2106 3820 vs.
2149 3772 2412 3822 ssa—555
2447 3787 2592 3837 snpra
2625 3772 2723 3823 iam

338 3856 502 3907 monui
546 3873 593 3922 p.
629 3859 743 3906 413.
790 3856 983 3906 Scilicet
1027 3856 1260 3920 genuinos
1306 3854 1465 3907 habet.
1500 3854 1582 3903 Vs.
1624 3856 1721 3903 558
1755 3852 1914 3918 tangit
1949 3852 2236 3902 Aristoteles
2274 3853 2416 3905 Rhet.
2455 3854 2479 3903 Ι
2520 3855 2597 3914 15,
2642 3855 2723 3903 sed

336 3939 453 4002 quid
487 3940 585 4004 ipse
621 3940 677 3987 de
712 3954 766 3987 eo
800 3938 980 3989 indicet
1014 3954 1109 3988 non
1146 3937 1369 3987 ostendit.
1408 3938 1535 3986 Nam
1569 3937 1608 3984 si
1645 3936 1960 3985 Athenienses
1995 3951 2049 3984 eo
2087 3938 2291 3985 utuntur
2325 3952 2419 3984 non
2450 3934 2723 3985 dubitantes

336 4021 452 4083 quin
484 4021 550 4069 sit
583 4020 841 4083 genuinus,
874 4035 955 4069 eos
987 4018 1202 4082 χρῆσθαι
1238 4023 1309 4080 τῷ
1348 4016 1544 4079 *Ομῆρω
1580 4016 1790 4079 μάρτυρι
1821 4015 1931 4077 περὶ
1956 4012 2236 4077 Σαλαμῖνος
2270 4017 2425 4066 dicere
2443 4017 2556 4066 licet
2573 4017 2719 4069 etiam

334 4102 379 4149 ei
413 4102 496 4166 qui
531 4102 619 4151 hoc
654 4103 757 4151 loco
792 4102 1064 4152 Homerum
1099 4101 1445 4167 interpolatum
1482 4116 1580 4149 esse
1615 4100 1885 4164 suspicetur
1917 4100 2034 4164 ipse.

294 4170 306 4177 '
406 4185 460 4246 s)
496 4186 651 4249 Supra
684 4200 731 4248 ρ.
765 4185 881 4233 418.

406 4267 459 4331 6)
506 4266 656 4315 Lehrs
701 4266 770 4316 l.l.
814 4282 863 4331 p.
908 4266 1025 4314 443.
1067 4264 1213 4313 Flach
1245 4280 1293 4328 p.
1327 4265 1391 4313 29
1428 4263 1731 4313 arbitrantur
1764 4263 2026 4313 amicitiam
2059 4266 2278 4322 tantum,
2314 4278 2407 4312 non
2442 4262 2719 4328 obsequium

335 4348 425 4396 hoc
473 4363 613 4396 versu
657 4347 933 4410 significari.
984 4346 1073 4395 Sed
1119 4346 1187 4393 sic
1221 4361 1316 4394 non
1352 4345 1670 4407 intelligimus
1705 4345 1820 4407 quid
1853 4344 1943 4393 sibi
1979 4344 2187 4394 voluerit
2221 4348 2403 4394 auctor.
2437 4345 2644 4395 Tantum
2679 4346 2720 4395 si

330 4430 401 4479 ita
452 4444 555 4479 rem
604 4428 738 4478 nobis
785 4428 1096 4495 proponimus
1144 4430 1197 4476 ut
1239 4430 1323 4476 aut
1368 4428 1468 4492 ipse
1516 4442 1613 4475 non
1650 4425 1943 4475 dubitaverit
1979 4430 2061 4475 aut
2096 4426 2338 4475 auditores
2371 4441 2465 4476 non
2501 4428 2720 4478 dubitare

334 4510 541 4561 voluerit
575 4512 694 4576 quin
724 4510 926 4561 Salamis
961 4510 1119 4559 Aiacis
1148 4512 1303 4558 aetate
1335 4509 1702 4560 Atheniensium
1732 4512 1879 4569 esset,
1911 4508 2071 4557 omnia
2100 4512 2211 4557 sunt
2240 4508 2501 4574 perspicua.
2548 4508 2718 4573 Itaque
