3351 5463
1322 389 1644 438 narmi-A.
2548 368 2677 435 355

294 553 711 640 Dercylidam
775 557 887 639 qui
949 553 1220 632 ἀρμοςῆς
1268 559 1403 617 erat
1420 600 1437 629 ‚
1489 573 1687 617 unam
1732 558 1797 617 et
1842 552 2113 618 alteram
2159 553 2384 617 horam
2429 554 2680 616 stetisse

294 665 447 724 ante
485 661 841 724 tentorium
880 658 1198 745 Lysandri
1239 659 1476 722 ἀσπίδα
1522 655 1798 738 ἔχονταῖ
1838 656 2266 725 Oredemusne
2305 661 2445 742 post
2482 656 2679 721 talem

290 766 603 829 iniuriam
662 765 908 828 homini
970 767 1176 829 vitam
1238 762 1508 829 vitalem
1568 761 1802 828 fuisse?
1865 763 2132 828 Hiccine
2177 763 2348 827 idem
2396 768 2494 826 est
2510 810 2526 839 ,
2576 764 2682 826 cui

291 875 521 954 postea
586 868 884 955 Spartani
950 873 1283 935 universas
1348 889 1496 934 suas
1558 871 1627 931 in
1691 870 1846 933 Asia
1907 871 2120 953 copias
2183 863 2680 932 commiserunt?

290 975 441 1059 Ipse
502 975 851 1039 Pausanias
909 977 1323 1058 quantumvis
1384 981 1549 1039 esset
1592 976 1912 1059 impotens
1958 978 2023 1038 et
2067 973 2408 1038 iracundus
2427 1019 2444 1048 ‚
2492 963 2684 1036 s‘ocio-

291 1101 447 1146 rum
509 1081 653 1151 τοὺς
717 1080 985 1150 πολλοὺς
1051 1080 1304 1159 ἐκόλαζε
1354 1087 1639 1156 πληγαῖς
1690 1081 1724 1151 ἢ
1772 1078 2017 1155 σιδηρᾶν
2064 1079 2349 1157 ἀγκύραν
2397 1075 2680 1146 ἐπιτιθεὶς

293 1185 646 1265 (περιτιθεὶς
662 1184 717 1263 ?)
786 1182 1136 1264 ἠνάγκαζεν
1196 1184 1414 1252 ὲςάναι
1480 1185 1555 1249 δι’
1620 1178 1768 1256 ὅλης
1829 1189 1943 1254 τῆς
2009 1182 2274 1261 ἡμέρας,
2341 1187 2415 1245 ut
2461 1169 2683 1246 scribit

291 1291 690 1355 Plutarchus
735 1293 805 1354 in
849 1288 997 1354 Vita
1044 1289 1345 1353 Aristidis
1394 1310 1446 1353 c.
1500 1287 1606 1366 23,
1658 1288 1768 1352 sed
1815 1288 1956 1358 τοὺς
2005 1285 2318 1367 ἄρχοντας
2366 1292 2482 1349 τῶν
2530 1308 2682 1361 συμ-

292 1395 527 1482 μάχων
589 1416 716 1460 non
766 1401 901 1460 tam
952 1393 1408 1459 contumeliose
1457 1399 1728 1458 tractare
1773 1413 1968 1456 ausus
2014 1397 2130 1456 est.
2195 1393 2307 1471 At,
2327 1390 2682 1476 Xenophon

290 1500 571 1564 disertus
640 1504 862 1564 auctor
924 1504 1055 1576 est,
1122 1519 1314 1583 quem
1375 1501 1569 1564 etiam
1637 1493 1878 1561 Grotus
1941 1499 2262 1580 sequitur:
2317 1494 2684 1580 „Lysander

290 1603 688 1668 condemned
746 1602 1157 1689 Derkyllidas
1177 1652 1193 1681 ‚
1257 1625 1337 1668 on
1397 1603 1509 1667 the
1572 1601 1921 1686 complaint
1980 1601 2053 1666 of
2087 1601 2529 1665 Pharnabazus
2547 1631 2568 1674 ,-
2612 1603 2680 1662 to

290 1709 407 1791 the
468 1707 757 1793 disgrace
820 1708 895 1772 of
944 1706 1162 1792 public
1231 1727 1541 1792 exposure
1602 1706 1762 1769 with
1821 1707 1922 1769 his
1980 1704 2186 1769 shield
2233 1726 2313 1769 on
2361 1704 2462 1768 his
2508 1723 2644 1767 arm
2662 1721 2679 1779 ;

292 1813 431 1877 this
500 1833 631 1877 was
700 1814 758 1892 (I
819 1819 1141 1898 presume)
1212 1833 1247 1876 a
1314 1812 1598 1897 disgrace
1616 1859 1632 1888 ‚
1697 1811 1963 1876 because
2028 1831 2107 1874 an
2153 1797 2362 1874 officer
2417 1809 2490 1872 of
2525 1809 2686 1872 rank

294 1917 544 2003 always
589 1916 713 1982 had
760 1917 862 1980 his
908 1916 1114 1982 shield
1160 1916 1404 1980 carried
1446 1917 1545 1981 for
1590 1917 1728 1980 him
1774 1915 1864 2001 by
1911 1935 1990 1980 an
2038 1914 2399 1991 attendant,
2463 1917 2686 1996 except

290 2025 365 2086 in
406 2022 623 2116 actual
655 2027 993 2086 encounter
1031 2022 1130 2086 for
1155 2020 1420 2086 battle.''
1465 2022 1911 2086 Poterimusne
1934 2020 2104 2083 hunc
2127 2019 2369 2083 nodum
2395 2014 2682 2083 solvere?

290 2127 741 2211 Experiamur.
788 2127 929 2191 Hoc
975 2131 1142 2191 certe
1192 2131 1439 2191 constat
1484 2147 1609 2190 non
1656 2125 1828 2189 tradi
1869 2123 2279 2210 Lysandrum
2325 2123 2521 2186 fuisse
2569 2123 2681 2206 qui

250 2223 710 2320 'Dercylidam
772 2235 1309 2298 condemnaverit.
1374 2231 1498 2296 Sed
1562 2230 1920 2296 calumniae
1968 2229 2277 2314 quaedam
2325 2249 2362 2292 a
2407 2228 2686 2291 Pharna-

290 2341 446 2404 bazo
494 2358 746 2422 sparsae
792 2338 1050 2402 fuerunt
1090 2358 1318 2422 easque
1357 2336 1634 2422 populus
1673 2335 2024 2421 Abydenus
2063 2334 2290 2419 cupide
2329 2339 2680 2417 exceperat.

292 2443 543 2508 Deinde
589 2449 807 2508 scurra
851 2445 1101 2508 exstitit
1146 2445 1257 2527 qui
1304 2443 1567 2507 carbone
1612 2443 1683 2504 in
1729 2443 1970 2526 pariete
2024 2440 2420 2504 harmostam
2471 2440 2685 2522 pinxit

291 2550 580 2636 gregarii
625 2548 855 2612 militis
904 2548 1129 2612 habitu
1176 2554 1240 2611 et
1286 2547 1525 2610 ἀσπίδα
1574 2543 1803 2624 ἔχοντα
1823 2592 1840 2621 ,
1890 2550 2195 2629 tanquam
2243 2544 2517 2628 dignum
2572 2543 2684 2626 qui

292 2655 378 2718 ab
438 2651 643 2738 gradu
708 2673 900 2737 quem
960 2653 1217 2716 tenebat
1263 2651 1342 2714 ad
1390 2656 1506 2714 τῶν
1555 2651 1822 2714 ὁπλιτῶν
1874 2647 2163 2715 ordinem
2209 2649 2675 2713 detruderetur.

292 2757 521 2842 Itaque
568 2758 872 2822 scribam:
924 2757 1248 2836 ἐγράφη
1296 2758 1405 2830 τὴν
1453 2757 1692 2820 ἀσπίδα
1722 2754 1922 2834 “ἔχων.
1975 2756 2056 2820 cf.
2105 2755 2250 2819 Liv.
2299 2751 2524 2819 XLIV.
2571 2752 2679 2817 33.

387 2862 560 2926 XLI.
630 2862 789 2929 Ibid.
852 2862 965 2925 ΠΙ.
1035 2862 1093 2925 1.
1127 2860 1211 2925 14
1279 2862 1499 2927 Mania
1569 2866 1716 2947 post
1785 2862 2005 2925 mariti
2077 2860 2402 2925 decessum
2463 2878 2682 2921 rerum

293 2970 503 3052 potita
547 2974 681 3031 erat
728 2973 793 3030 et
838 2966 978 3037 τοὺς
1026 2963 1257 3037 ἄλλους
1304 2966 1491 3041 μάλα
1538 2964 1970 3045 ἐφυλάττετο,
2014 2963 2210 3041 ὥσπερ
2263 2964 2291 3026 ἐ
2307 2988 2336 3025 ν
2385 2960 2682 3041 τυραννίδι

295 3079 619 3153 προσῆκεν.
669 3070 859 3156 Apud
905 3078 1099 3155 quam
1144 3069 1485 3135 mulierem
1536 3090 1794 3135 summa
1844 3075 2126 3153 potestas
2174 3073 2302 3145 est,
2353 3088 2426 3132 ea
2472 3066 2686 3145 τύραν-

297 3201 385 3249 νις
449 3176 617 3240 dicta
675 3176 870 3240 fuisse
930 3176 1188 3241 videtur
1249 3179 1314 3239 et
1378 3178 1643 3239 fortasse
1694 3173 1948 3238 debebit
1993 3173 2272 3257 placere:
2323 3170 2521 3250 ὥσπερ
2567 3195 2605 3235 τ
2624 3194 2684 3233 υ-

296 3279 607 3361 parmae
657 3285 976 3360 προσῆκεν.

387 3384 594 3449 XLII.
662 3384 898 3449 Midias
946 3384 1203 3449 Maniae
1248 3404 1446 3469 gener
1492 3403 1749 3462 socrum
1797 3401 1979 3445 suam
2024 3382 2428 3445 interfecerat
2474 3380 2680 3448 donis-

296 3510 423 3573 que
478 3490 693 3553 missis
713 3536 729 3565 ‚
794 3488 1062 3566 πέμψας
1124 3489 1279 3566 δῶρα
1300 3535 1317 3564 ,
1382 3508 1419 3551 a
1478 3486 1884 3551 Pharnabazo
1932 3487 2201 3570 petierat
2248 3492 2322 3547 ut
2369 3490 2681 3571 tyrannus

294 3595 815 3669 constitueretur,
863 3594 1017 3658 ibid.
1071 3592 1181 3656 ΙΙΙ.
1236 3593 1295 3655 1.
1328 3590 1429 3656 15.
1482 3596 1557 3655 ‘O
1600 3590 1653 3653 δ’
1679 3589 2054 3665 ἀπεκρίνατο
2094 3588 2444 3668 Φυλάττειν
2485 3587 2676 3665 αὐτοὶ,

296 3698 388 3766 ἔτ’
438 3696 515 3763 ἂν
560 3698 750 3769 αὐτὸς
798 3698 975 3761 ἐλθὼν
1028 3696 1137 3761 σὺν
1185 3698 1349 3775 αὐτῷ
1392 3697 1591 3773 ἐκείνῳ
1631 3694 1809 3774 λάβη
1855 3697 1954 3759 τά
2003 3695 2220 3771 δῶρα.
2268 3694 2681 3759 Postremum

293 3822 531 3867 nomen
593 3801 973 3865 Holwerdae
1034 3804 1267 3865 merito
1316 3798 1678 3883 displicuit,
1728 3799 1837 3863 sed
1885 3799 2054 3883 quod
2094 3801 2315 3882 reponi
2359 3801 2550 3863 iussit
2595 3798 2679 3861 τά

296 3904 545 3982 δίκαια,
594 3905 768 3970 malo
817 3906 1111 3989 equidem
1157 3904 1544 3969 vocabulum
1589 3925 1718 3968 una
1761 3903 1960 3969 litura
2005 3902 2233 3968 delere.

390 4008 622 4073 XLIII.
694 4007 936 4077 Contra
994 4008 1240 4093 aliquid
1299 3992 1604 4073 excidisse
1665 4008 1925 4073 videtur
1971 4009 2125 4073 ibid.
2174 4008 2271 4073 III
2323 4008 2380 4071 1.
2414 4006 2518 4083 19,
2566 4008 2681 4071 ubi

297 4114 378 4177 de
414 4112 757 4200 Dercylida.
791 4114 1106 4199 legimus:
1146 4115 1321 4184 εὐθὺς
1362 4112 1406 4177 ὦ
1420 4138 1575 4177 σπε
1589 4137 1619 4192 ρ
1662 4111 1917 4192 ἔτυχε
1955 4098 2680 4190 κεκαλλιερηκὼςπαύτῃ

294 4227 377 4300 τῇ
427 4218 655 4302 ἡμέρᾳ,
705 4219 1043 4296 ἀναλαβὼν
1091 4219 1175 4283 τὰ
1225 4214 1393 4282 δ’πλα
1444 4219 1656 4294 ἠγεῖτο
1697 4218 1843 4293 πρὸς
1885 4218 2004 4289 τὰς
2046 4218 2274 4289 πύλας.
2324 4216 2675 4301 Suppleboz

296 4322 497 4401 ὥσπερ
547 4320 813 4403 εἶχεν,
866 4323 1057 4402 ἔτυχε
1102 4324 1231 4402 γὰρ
1280 4323 1787 4401 κεκαλλιερηκῶς.

390 4428 618 4494 XLIV.
688 4429 847 4496 Ibid.
912 4428 1026 4495 111.
1096 4430 1154 4493 l.
1182 4428 1270 4495 22
1335 4431 1513 4495 venit
1570 4426 1946 4514 Dercylidas
1992 4428 2073 4493 ad
2119 4426 2433 4514 Gergitha
2452 4475 2467 4504 ,
2517 4448 2678 4513 quae
