3351 5463
1334 377 1655 422 κΕΡΜΑτΑ.
2558 358 2686 427 357

304 538 658 604 masculino
698 558 929 624 genere
968 537 1354 623 appellatur;
1398 537 1509 602 sed
1532 536 1637 602 vel
1658 539 1864 623 ipsius
1887 537 2333 624 Xenophontis
2357 541 2426 603 in
2449 536 2684 626 Cyrop.

306 643 378 708 V.
433 644 492 710 1.
521 643 608 710 24
654 643 763 708 vel
811 642 1071 729 Virgilii
1112 642 1424 729 exemplo·
1445 643 1565 708 hoc
1603 646 1838 727 poterit
1877 646 2166 708 excusari
2207 648 2302 722 et,
2342 646 2442 709 uti
2466 644 2653 709 audio
2671 693 2687 722 ‚

306 770 465 814 anno
510 750 775 814 demum
820 748 993 814 1609
1035 771 1148 834 pro
1188 754 1359 814 certo
1385 750 1685 833 agnitum
1709 749 1834 812 fuit
1856 770 1983 813 non
2007 770 2228 835 regem
2253 769 2400 835 apes
2423 750 2687 827 habere,

308 856 415 921 sed
460 858 779 944 reginam.
830 853 1109 921 Gravius
1157 861 1253 921 est
1298 877 1427 920 non
1474 855 1960 941 Thrasydaeum
2009 858 2490 936 περιπλησθῆναι
2511 905 2527 934 ,
2586 857 2695 921 sed

305 963 517 1046 ipsam
564 961 829 1027 domum
875 963 944 1025 in
992 981 1118 1047 qua
1161 962 1407 1026 iacebat
1428 1010 1444 1041 ‚
1492 983 1641 1026 cum
1689 960 1930 1034 alveari
1976 964 2330 1046 comparari
2377 962 2688 1027 debuisse.

302 1066 544 1132 Verum
604 1067 726 1132 hoc
785 1069 1003 1152 ipsum
1064 1065 1249 1131 nullo
1294 1069 1554 1152 negotio
1603 1068 1874 1132 obtineri
1919 1070 2188 1153 poterit,
2239 1071 2296 1132 si
2339 1089 2488 1132 cum
2534 1068 2692 1132 Her·
2731 1085 2734 1088 ’

302 1171 591 1237 werdeno
639 1170 1187 1237 eliminaverimus
1237 1173 1264 1235 ὃ
1316 1173 1567 1250 ήγεμών
1614 1179 1679 1236 et
1724 1179 2048 1258 praeterea
2092 1176 2163 1237 in
2208 1178 2514 1251 μελισσῶν
2561 1194 2689 1238 cor-

300 1277 657 1340 rexerimus
719 1281 1088 1341 accentum:
1152 1278 1566 1356 περιεπλήσθη
1633 1279 1666 1350 ή
1713 1279 1876 1342 οἰκία
1925 1275 2082 1342 ἔνθεν
2130 1277 2232 1343 καὶ
2284 1277 2440 1343 ἔνθεν
2490 1275 2690 1357 ὥσπερ

306 1382 419 1446 ὑπὸ
464 1381 656 1458 ἑσμοῦ
705 1381 1141 1458 μελιττῶν.
1199 1381 1304 1447 Sic
1355 1383 1430 1447 de
1480 1383 1896 1462 περιεκλείσθη
1943 1386 2075 1447 iam
2121 1404 2307 1449 nemo
2355 1384 2690 1470 cogitabit.

388 1484 681 1551 XLVIII.
744 1486 904 1552 Ibid.
946 1486 1060 1551 111.
1105 1486 1164 1552 3.
1196 1487 1237 1552 2
1279 1487 1657 1553 describitur
1699 1491 2018 1553 contentio
2040 1491 2207 1554 inter
2229 1488 2689 1574 Leotychidem

299 1597 363 1657 et
425 1592 804 1678 Agesilaum
825 1641 841 1672 ‚
910 1593 985 1658 de
1039 1613 1165 1677 qua
1212 1596 1611 1658 contentione
1657 1592 2020 1658 luculenter
2069 1597 2204 1680 egit
2250 1595 2690 1659 Hartmannus

296 1700 364 1761 in
424 1697 784 1764 Analectist
843 1698 1048 1764 Verba
1112 1703 1261 1762 sunt
1323 1698 1610 1783 Agesilai
1679 1698 1758 1762 ad
1821 1699 2037 1764 fratris
2097 1699 2344 1765 filium:
2414 1698 2599 1766 Ἀλλ’
2660 1702 2688 1764 ὅ

300 1803 598 1867 Ποτειδὰν
660 1806 739 1874 ὡς
803 1802 990 1880 μάλα
1037 1826 1145 1867 σευ
1192 1801 1541 1881 ψευδομένω
1590 1804 2023 1880 κατεμάνυσεν
2071 1805 2152 1869 ἐκ
2201 1811 2298 1870 τῶ
2349 1805 2686 1882 θαλαμω

299 1904 610 1982 ἐξελάσας
658 1908 889 1988 σεισμῷ
940 1909 1022 1979 εἰς
1066 1907 1135 1972 τὸ
1176 1907 1437 1989 Φανερὸν
1478 1909 1581 1971 τὸν
1620 1910 1723 1972 σὸν
1763 1908 2038 1988 πατέρα,
2079 1910 2144 1973 h.
2171 1931 2226 1974 e.
2266 1909 2681 1975 Alcibiadem.

298 2013 425 2076 Hic
482 2012 627 2080 leve
674 2019 771 2078 est
816 2013 1343 2078 animadvertisse
1389 2015 1667 2078 insiticia
1715 2015 1908 2079 verba
1954 2034 2086 2078 esse
2137 2014 2203 2077 εἰι
2251 2021 2334 2079 τῶ
2381 2003 2644 2090 θαλαμω
2663 2061 2680 2091 ,

300 2137 461 2200 quae
523 2116 716 2202 paulo
777 2124 920 2203 post
966 2123 1136 2184 recte
1181 2123 1520 2182 recurrunt
1564 2121 1634 2182 in
1679 2121 1758 2182 iis
1776 2166 1793 2195 ‚
1843 2139 2002 2203 quae
2044 2121 2554 2203 ingeniosissime
2601 2119 2678 2182 ab

301 2220 703 2286 Hartmanno
769 2227 1039 2287 tractata
1094 2223 1388 2286 fuerunt:
1444 2221 1531 2298 ἐξ
1590 2219 1658 2287 οὗ
1719 2221 1845 2300 γάρ
1907 2245 1995 2287 τοι
2061 2221 2294 2302 ἔφυγεν
2359 2223 2680 2308 (equidem

303 2322 423 2405 ἔφη
486 2329 789 2408 inseram)
862 2327 929 2390 ἐκ
994 2333 1076 2391 τῶ
1141 2327 1441 2404 θαλάμω,
1506 2327 1742 2408 δεκάτῳ
1805 2328 1947 2404 μηνὶ
2011 2327 2240 2404 ἐγένου.
2304 2329 2514 2413 Atque
2560 2329 2680 2393 hoc

300 2432 561 2515 quidem
607 2431 788 2496 facile
836 2431 1181 2498 lectoribus
1227 2432 1612 2518 persuadebo
1630 2480 1645 2510 ,
1695 2434 1804 2497 sed
1850 2453 2010 2518 quae
2059 2435 2436 2519 interposita
2489 2434 2684 2498 verba

298 2542 481 2601 sunt:
546 2537 1043 2618 συνεμαρτύρησε
1100 2539 1161 2602 δὲ
1224 2539 1392 2602 τοῦτ’
1454 2539 1618 2618 αὐτῷ
1666 2537 2018 2622 (Neptuno)
2068 2538 2173 2602 καὶ
2225 2539 2252 2603 ὃ
2299 2538 2683 2614 αληθέςατος

298 2641 634 2721 λεγόμενος
674 2640 893 2721 χρόνος
916 2639 1099 2720 εἶναι,
1130 2642 1321 2729 longe
1344 2642 1580 2708 melius
1601 2641 1969 2728 intelligam
2011 2645 2036 2708 ὃ
2081 2644 2680 2720 ἀψευδέςατος.

390 2748 627 2811 XLIX.
696 2748 859 2812 Ibid.
924 2748 1038 2814 ΙΙΙ.
1108 2747 1169 2812 3.
1200 2747 1279 2811 11
1345 2748 1421 2812 de
1484 2746 1804 2814 Cinadone
1866 2747 2182 2834 legimuS,
2231 2749 2546 2833 quomodo
2592 2770 2684 2813 re-

296 2856 537 2917 tractus
598 2855 668 2916 in
725 2853 953 2917 urbem
1000 2855 1116 2917 sit:
1168 2854 1245 2925 ὥς
1296 2852 1347 2917 δ’
1396 2854 1633 2931 ἀνήχθη
1684 2853 1711 2915 ὃ
1762 2853 2030 2919 Κινάδων
2078 2853 2212 2917 καὶ
2264 2854 2681 2933 ήλέγχετο

300 2956 401 3021 καὶ
472 2955 777 3035 ὡμολόγει
842 2957 1057 3023 πάντα
1122 2958 1224 3021 καὶ
1276 2959 1417 3030 τοὺς
1464 2958 1817 3030 συνειδότας
1866 2957 2132 3035 ἔλεγε.
2185 2958 2570 3024 Iamdudum
2614 2962 2684 3023 in

293 3064 519 3128 itinere
590 3062 873 3129 Oinadon
939 3066 1179 3127 crimen
1239 3084 1433 3128 suum
1496 3064 1818 3129 confessus
1883 3070 2016 3129 erat
2079 3069 2142 3129 et
2205 3067 2681 3129 coniuratorum

296 3170 553 3255 nomina
635 3169 997 3254 prodiderat
1081 3171 1297 3253 itaque
1376 3168 1541 3232 nihil
1612 3170 1925 3233 attinebat
2013 3169 2420 3234 confitentem
2495 3189 2679 3233 reum

300 3271 589 3351 ἐλέγχειν
647 3276 935 3357 itemque
997 3294 1135 3337 sero
1184 3279 1320 3337 erat
1364 3268 1909 3344 τοὺς’συνειδότας
1957 3274 2186 3351 λέγειν,
2238 3293 2390 3337 nam
2433 3274 2678 3338 iudices

301 3398 522 3442 eorum
567 3381 826 3443 nomina
869 3380 937 3440 in
986 3377 1203 3442 tabula
1240 3380 1586 3462 perscripta
1624 3379 1942 3443 tenebant.
1984 3378 2390 3443 Eiiciendum
2425 3378 2685 3443 videt-ur
2745 3406 2750 3410 ·

306 3483 407 3545 καὶ
457 3482 775 3562 ἠλέγχετο
823 3489 887 3546 et
931 3482 1440 3547 rescribendum:
1489 3486 1631 3553 τοῦς
1681 3479 2033 3554 συνειδότας
2080 3483 2421 3563 ἤλεγχε.

392 3586 465 3649 L.
537 3586 698 3650 Ibid.
748 3585 863 3649 ΠΙ.
906 3585 968 3650 4.
1000 3587 1035 3649 1
1084 3585 1369 3651 Herodas
1409 3586 1848 3673 Syracusanus
1883 3590 1954 3651 in
1991 3588 2332 3652 Phoenicia
2370 3590 2680 3671 comperit

304 3690 567 3755 classem
612 3693 857 3775 parari,
905 3691 1036 3755 ἰδὼν
1086 3692 1337 3772 τριήρεις
1383 3692 1503 3763 τοὶς
1552 3694 1664 3770 μὲν
1707 3692 2192 3764 καταπλεούσας
2240 3690 2517 3770 ἄλλοθεν,
2560 3690 2679 3762 τὰς

303 3794 363 3859 δὲ
408 3796 515 3859 καὶ
566 3796 756 3859 αὐτοῦ
806 3795 1326 3876 πεπληρωμένας,
1377 3798 1497 3868 τὰς
1537 3797 1743 3862 δὲκαὶ
1795 3796 1914 3863 ἔτι
1965 3795 2684 3876 κατασκευαζομέ-

304 3923 333 3961 ν
352 3923 394 3964 οι
413 3923 464 3971 ς.
510 3900 914 3965 Adverbium
963 3897 1081 3965 ἔτι
1131 3901 1307 3965 ducit
1352 3902 1431 3966 ad
1476 3905 1906 3986 compositum
1942 3904 2213 3968 verbum
2261 3902 2290 3965 ε’
2306 3924 2499 3966 πισκ
2518 3924 2682 3965 ευα-

304 4001 495 4083 ζομέ
513 4027 688 4081 νοις,
738 4003 899 4069 aliae
938 4024 1129 4071 naves
1176 4006 1615 4089 reficiebantur.

389 4109 495 4175 LI.
567 4109 729 4175 Ibid.
792 4109 909 4174 III.
962 4111 1022 4176 4.
1054 4110 1173 4175 15:
1238 4110 1435 4191 ὥσπερ
1500 4112 1577 4176 ἄν
1623 4135 1720 4185 τις
1768 4112 1872 4177 τὸν
1921 4113 2065 4190 ὑπὲρ
2115 4115 2302 4177 αὑτοῦ
2351 4111 2681 4177 ἀποθανού-

303 4238 478 4291 μενον
540 4215 853 4293 προθύμως
887 4214 1121 4295 ,ζητοίη
1141 4264 1158 4293 ,
1207 4215 1401 4281 multi
1443 4219 1575 4282 iam
1620 4217 2000 4282 adnotarunt
2043 4220 2361 4301 praestare
2406 4218 2678 4283 verbum

304 4319 688 4397 μασεύοι,
754 4320 922 4404 quod
982 4323 1050 4385 in
1107 4321 1407 4407 Agesilao
1467 4321 1713 4408 legitur
1730 4342 1746 4400 ;
1813 4321 1921 4387 sed
1945 4371 1961 4402 ‚
2009 4322 2175 4407 quod
2219 4324 2436 4399 miror,
2488 4344 2676 4388 nemo

218 4486 229 4494 .
304 4444 525 4491 aurem
568 4424 845 4509 praebet.
