3351 5463
1299 387 1733 439 murmanus.
2566 377 2697 443 389

322 555 716 631 observatur,
778 552 891 617 sed
950 551 1126 617 solus
1170 550 1349 617 locus
1362 601 1380 635 ,
1428 554 1534 618 cui
1580 554 1900 638 adscripta
1947 561 2046 620 est
2091 557 2448 624 observatio
2467 604 2486 636 ,
2533 556 2704 623 lacu-

319 680 509 726 nosus
554 679 692 724 esse
737 658 1083 724 diceretur.
1142 657 1229 722 At
1282 658 1427 742 quis
1482 679 1613 724 non
1668 658 1852 725 videt
1911 663 2348 728 accusativum
2392 661 2700 729 infinitivi

318 768 679 832 subiectum
741 785 897 831 esse.
961 763 1085 830 Res
1143 765 1355 849 igitur
1414 763 1581 828 nihil
1641 764 1836 831 habet
1887 768 1955 830 in
2009 770 2372 834 accusativo
2420 771 2698 855 negotii;

320 871 489 958 quod
546 872 605 936 si
658 869 1053 956 suppleveris
1116 892 1155 932 τ
1171 868 1215 932 ὰ
1278 867 1557 947 γράμμα
1575 893 1614 932 τ
1632 892 1675 933 α
1694 917 1711 947 ,
1787 874 1974 955 atque
2035 871 2248 938 simile
2312 873 2471 958 quid
2530 878 2699 939 certe

316 976 747 1063 supplendum
802 979 901 1040 est
916 1021 933 1054 ,
995 994 1148 1040 nam
1190 974 1387 1040 verba
1428 975 1569 1060 ipsa
1612 996 1739 1040 non
1786 974 2017 1042 definio
2035 1023 2052 1056 ,
2102 978 2308 1043 omnis
2355 977 2694 1044 difficultas

315 1081 591 1148 tollitur.
2547 1133 2572 1152 .

400 1188 695 1254 Lacunae
753 1188 981 1272 igitur,
1042 1206 1203 1271 quae
1246 1187 1317 1249 in
1360 1184 1545 1251 libris
1589 1188 1962 1272 papyraceis
2007 1188 2204 1252 etiam
2251 1187 2424 1254 ultro
2473 1191 2700 1256 existe-

316 1294 471 1359 bant
484 1340 504 1371 ,
552 1294 857 1378 quoniam
902 1291 1095 1357 codex
1112 1340 1129 1370 ,
1188 1291 1357 1356 unde
1416 1290 1883 1378 supplerentur,
1945 1293 2118 1358 haud
2177 1293 2364 1360 facile
2422 1297 2702 1362 invenie-

315 1399 521 1477 batur,
560 1397 888 1464 interdum
925 1418 1129 1484 neque
1165 1417 1401 1465 vacuae
1424 1395 1949 1482 relinquebantur
1970 1419 2174 1484 neque
2198 1400 2699 1487 complebantur,

315 1504 427 1570 sed
472 1507 565 1570 ita
610 1503 1020 1581 tollebantur,
1068 1508 1145 1568 ut
1187 1502 1441 1568 litterae
1488 1523 1526 1568 a
1568 1502 1798 1569 lacuna
1834 1507 2127 1589 proxime
2166 1527 2571 1592 praegressae
2607 1510 2700 1572 eis

315 1631 475 1696 quae
522 1612 813 1696 proxime
857 1609 1355 1694 insequebantur
1391 1611 1914 1676 continuarentur
1929 1659 1947 1690 ,
1988 1609 2169 1676 nullo
2207 1611 2427 1678 relicto
2466 1611 2701 1677 indicio

312 1717 483 1782 unde
530 1720 864 1804 appareret
908 1714 1153 1800 aliquid
1198 1715 1433 1782 deesse.

402 1926 755 2014 Reliquum
813 1933 911 1992 est
970 1933 1046 1992 ut
1102 1925 1273 1991 locos
1291 1973 1308 2003 ,
1372 1947 1533 2012 quos
1599 1926 1680 1992 ad
1725 1947 1864 1991 rem
1909 1947 2097 1992 suam
2143 1927 2696 1994 demonstrandam

312 2037 425 2100 aut
471 2033 709 2098 Larsen
752 2037 867 2098 aut
910 2033 1116 2097 Paton
1164 2029 1533 2117 selegerunt
1550 2079 1565 2109 ,
1607 2032 1891 2097 breviter
1929 2052 2353 2116 percenseam.
2401 2033 2501 2096 Ex
2539 2032 2698 2098 locis

311 2138 577 2204 Larseni
632 2141 881 2224 primus
940 2140 1039 2202 est
1096 2158 1161 2221 p.
1212 2134 1353 2202 99a
1413 2137 1529 2202 ubi
1588 2137 1784 2203 codex
1843 2136 1902 2201 D
1962 2138 2222 2202 exhibet
2280 2139 2470 2204 haec:
2519 2138 2696 2202 ἀλλὰ

314 2245 436 2322 μὴν
480 2244 589 2308 καὶ
638 2246 724 2308 τὰ
768 2242 1064 2307 τεκτόνων
1111 2241 1304 2318 δήπου
1349 2241 1716 2322 πράγματα
1763 2245 1987 2316 θνητῶν
2036 2242 2164 2305 ἔστι
2217 2242 2320 2306 καὶ
2385 2243 2471 2306 τὰ
2529 2257 2697 2322 χαλ-

314 2350 593 2416 κοτύπων
640 2349 747 2414 καὶ
794 2349 1123 2431 οἰκοδόμων
1168 2348 1274 2413 καὶ
1320 2349 1838 2428 ἀνδριαντοποιῶν,
1890 2348 1949 2410 ἐν
1991 2341 2083 2432 ,οἷς
2123 2347 2286 2412 οὐδὲν
2326 2347 2700 2424 αὐτομάτως

314 2456 439 2520 οὐδ’
486 2458 562 2529 ὥς
611 2452 805 2536 ἔτυχε
851 2454 1321 2534 κατορθούμενον
1367 2454 1611 2533 δρῶμεν.
1660 2448 1752 2518 ὅτι
1802 2454 1930 2532 γὰρ
1975 2453 2208 2524 τούτοις
2255 2453 2542 2534 βραχεῖα
2603 2477 2697 2524 τις

313 2559 745 2638 παρεμπίπτει
808 2556 1015 2638 τύχη,
1080 2559 1163 2622 τα
1229 2557 1291 2622 δὲ
1344 2567 1627 2623 πλεῖστα
1693 2557 1798 2622 καὶ
1860 2556 2142 2635 μέγιστα
2205 2562 2322 2621 τῶν
2383 2557 2572 2637 ἔργων
2632 2558 2698 2621 αἱ

311 2663 535 2745 τέχναι
599 2668 953 2727 συντελοῦσι
1019 2662 1095 2727 δι’
1142 2663 1343 2728 αὑτῶν
1397 2663 1503 2726 καὶ
1552 2658 1724 2734 οὗτος
1772 2660 2193 2738 ὖποδεδήλωκε
2245 2676 2388 2727 κτλ.
2437 2661 2514 2726 Ι11
2553 2661 2698 2728 reli-

310 2772 490 2855 quis,
552 2768 832 2833 Larseno
889 2772 1086 2846 teste,
1149 2767 1331 2835 locus
1394 2770 1485 2833 sic
1548 2768 1884 2833 scribitur:
1935 2767 2112 2832 ἀλλὰ
2161 2805 2242 2817 -—
2297 2769 2521 2847 ὁρῶμεν
2543 2790 2557 2805 ·
2607 2764 2698 2832 ὅτι

312 2876 439 2955 γὰρ
489 2875 776 2955 βραχεῖα
815 2875 985 2955 σοφῷ
1025 2874 1193 2953 τύχη
1235 2875 1667 2953 παρεμπίπτει
1710 2871 2098 2952 χαλκοτύπῳ
2131 2896 2200 2939 τε
2243 2872 2348 2937 καὶ
2389 2874 2698 2953 οἰκοδόμῳ,

309 2982 397 3047 τα
458 2982 521 3047 δὲ
578 2989 853 3045 πλεῖστα
921 2995 1064 3043 κτλ.
1126 2981 1510 3064 Perperam,
1558 2999 1714 3043 nam
1759 3000 1884 3044 non
1933 2973 2025 3043 ὅτι
2071 2978 2201 3056 γὰρ
2223 3024 2240 3057 ,
2288 2998 2452 3062 quae
2495 2978 2698 3043 codici

310 3086 369 3155 D
430 3086 761 3163 debentur,
826 3085 939 3149 sed
1000 3083 1104 3148 καὶ
1154 3085 1205 3149 εἰ
1254 3085 1369 3161 μὲν
1416 3083 1648 3170 reliqui
1694 3085 2019 3170 praebent.
2067 3082 2193 3149 Sed
2238 3083 2554 3148 Larsenus
2601 3083 2702 3148 de-

306 3198 533 3277 ceptus
592 3211 728 3256 esse
787 3190 1046 3257 videtur
1104 3191 1303 3255 etiam
1365 3210 1438 3254 eo
1487 3190 1657 3275 quod
1708 3189 2357 3276 wyttenbachianam
2401 3188 2526 3254 loci
2576 3188 2702 3252 δια·

312 3301 603 3362 σκεύασιν
662 3318 778 3383 pro
832 3296 1125 3361 codicum
1168 3298 1485 3382 scriptura
1530 3298 1804 3380 accepit3
1857 3301 2046 3379 atque
2093 3297 2187 3359 ita
2233 3294 2421 3359 finxit
2467 3294 2703 3359 codicis

314 3403 373 3467 D
418 3401 944 3487 interpolatorem
991 3401 1185 3466 verba
1251 3401 1587 3486 archetypi
1652 3401 1823 3480 σοφῷ
1885 3408 1950 3463 et
2013 3400 2400 3479 χαλκοτύπῳ
2462 3423 2533 3463 τε
2597 3400 2701 3463 καὶ

316 3505 603 3587 οἰκοδόμῳ
643 3507 953 3573 delevisse
997 3511 1063 3571 et
1119 3525 1233 3591 pro
1298 3507 1391 3570 eis
1452 3504 1861 3569 substituisse
1920 3504 2154 3576 τούτοις
2217 3510 2282 3569 et
2340 3527 2456 3576 τις.
2529 3504 2702 3585 Quae

314 3616 584 3679 minime
642 3633 797 3678 vera
858 3616 1027 3677 sunt.
1090 3612 1391 3677 Primum
1454 3612 1629 3675 enim
1675 3608 2064 3675 Plutarchus
2079 3658 2096 3688 ,
2147 3611 2398 3693 quoties
2443 3611 2698 3695 scripto-

312 3739 463 3785 rum
524 3716 801 3783 aliorum
860 3718 1055 3783 verba
1113 3719 1255 3802 ipsa
1316 3720 1778 3783 commemorat
1795 3763 1812 3793 ,
1875 3717 2073 3780 etiam
2135 3717 2410 3780 auctoris
2471 3736 2704 3780 nomen

204 3822 213 3829 ’
316 3824 547 3891 addere
606 3830 721 3889 aut
782 3822 906 3888 alio
967 3823 1156 3889 modo
1216 3825 1592 3908 scriptorem
1651 3822 1930 3888 indicare
1991 3820 2172 3887 solet.
2243 3820 2486 3886 Deinde
2540 3822 2702 3886 hanc

314 3930 581 4016 Epicuri
641 3932 1022 3995 sententiam
1081 3928 1650 3995 celebratissimam
1709 3931 1782 3992 in
1835 3949 2030 3994 suum
2073 3947 2269 3993 usum
2315 3928 2702 3992 convertisse

318 4041 385 4101 et
444 4034 869 4100 Plutarchum
914 4039 1039 4115 (ex.
1089 4054 1189 4120 gr.
1238 4034 1317 4099 cf.
1364 4056 1429 4119 p.
1478 4033 1611 4099 423
1631 4038 1691 4113 c)
1740 4038 1804 4099 et
1850 4032 2010 4099 alios
2057 4052 2156 4098 res
2201 4036 2298 4097 est
2342 4032 2695 4097 notissima.

319 4137 415 4207 Of.
465 4138 800 4227 Wyttenb.
864 4139 1289 4206 animadvers.
1353 4139 1525 4204 Tum
1569 4142 1842 4225 scriptor
1887 4140 2327 4224 ineptissimus
2371 4156 2519 4201 sane
2563 4140 2661 4201 est
2682 4182 2699 4215 ‚
2782 4172 2786 4177 -

318 4247 433 4331 qui
487 4250 832 4332 postquam
894 4244 1116 4309 eadem
1173 4248 1242 4310 in
1305 4247 1591 4310 oratione
1637 4244 1857 4309 eadem
1903 4244 2096 4310 verba
2141 4264 2220 4308 ex
2267 4242 2699 4326 superioribus

318 4354 456 4417 sine
521 4350 661 4416 ulla
726 4350 1101 4415 necessitate
1170 4352 1442 4436 repetita
1508 4351 1667 4433 ipsis
1730 4349 1996 4434 Epicuri
2056 4349 2271 4413 verbis
2329 4349 2664 4413 subiunxit
2681 4394 2698 4424 ,

315 4455 512 4543 paulo
580 4460 725 4541 post
792 4454 1018 4521 eadem
1085 4456 1153 4519 in
1213 4457 1493 4521 oratione
1554 4454 1718 4520 alius
1771 4455 2122 4542 scriptoris·
2157 4453 2388 4521 verba.
2415 4454 2700 4539 apponit.
