3351 5463
1109 352 1500 401 rasam-ma
1547 351 1935 401 comosum.
2576 322 2707 397 399

316 522 434 581 aut
510 516 930 593 traditionem
997 517 1179 583 nobis
1247 520 1648 604 incognitam
1715 521 1997 583 secutus.
2046 536 2181 582 esse
2250 518 2715 584 existimandus

319 628 440 687 est.
500 622 634 689 Sed
682 628 763 689 ne
809 625 898 688 sic
946 622 1208 707 quidem
1253 624 1488 697 horum
1534 645 1842 690 versuum
1888 625 2202 689 sententia
2244 625 2337 689 ita
2382 626 2717 709 perspicua

321 734 420 794 est
436 776 454 805 ‚
524 735 602 794 ut
673 750 898 794 eorum
961 726 1432 815 interpretatio·
1473 736 1614 810 (aut
1675 728 1909 796 saltem
1968 729 2300 814 probabile
2361 730 2717 815 explicandi

323 839 662 915 conamen)
707 834 1110 921 neg-legenda
1156 856 1290 900 esse
1334 835 1658 902 videatur.
1700 836 1866 916 Quid
1912 832 2127 900 enim?
2167 835 2405 920 Agitur
2440 838 2509 900 in
2545 857 2721 920 prae-

323 942 561 1025 gressis
611 939 690 1005 de
737 940 1006 1007 diversis
1051 941 1390 1006 hominum
1429 942 1774 1027 generibus
1787 987 1804 1017 ,
1845 942 1959 1025 qui
1993 940 2267 1005 Athenis
2305 945 2417 1005 aut
2456 945 2716 1005 externa

281 1067 286 1073 ·
324 1047 532 1129 specie
593 1049 709 1109 aut
769 1044 1030 1111 vivendi
1075 1048 1318 1111 ratione
1365 1052 1431 1111 et
1476 1046 1765 1111 moribus
1812 1047 2018 1109 risum
2064 1044 2407 1111 movebant
2449 1045 2715 1131 ideoque

325 1149 559 1235 lepidis
645 1152 1134 1236 cognominibus
1219 1172 1258 1216 a
1323 1151 1564 1237 populo
1637 1151 2153 1237 designabantur.
2236 1149 2715 1217 Enumerantur

325 1254 622 1339 deinceps
681 1256 878 1321 homo
939 1255 1319 1322 venustulus
1337 1304 1354 1334 ,
1403 1256 1679 1341 pusillus
1698 1304 1715 1333 ,
1764 1254 2161 1321 effeminatus
2178 1302 2194 1330 ,
2242 1261 2681 1340 unguentatus
2699 1302 2715 1334 ,

326 1360 657 1446 squalidus
704 1362 1122 1447 sordidusque
1140 1411 1157 1440 ,
1207 1365 1525 1447 parasitus
1544 1412 1561 1441 ,
1609 1362 1945 1428 famelicus
1963 1410 1980 1439 ,
2028 1362 2457 1427 formosorum
2500 1352 2721 1449 puero-

325 1488 476 1531 rum
518 1472 794 1533 ·amato‘r.
842 1468 1002 1533 Post
1048 1470 1220 1533 hunc
1265 1469 1608 1534 hominum
1655 1468 2076 1533 ridiculorum
2094 1514 2111 1545 ,
2161 1467 2379 1553 quales
2426 1470 2494 1532 in
2540 1473 2718 1535 omni

326 1574 480 1638 urbe
551 1570 808 1639 Graeca.
861 1573 1079 1658 paullo
1148 1576 1390 1640 maiore
1459 1574 1743 1660 quotidie
1814 1579 1951 1638 erat
2019 1574 2235 1639 videre
2253 1622 2270 1651 ,
2352 1573 2718 1660 catalogum

325 1680 538 1745 subito
597 1684 1186 1746 commemorantur
1231 1680 1432 1758 fures,
1477 1675 1605 1745 non
1653 1701 1802 1746 vero
1848 1665 2127 1764 (praeter
2171 1678 2465 1760 ultimos)
2508 1682 2559 1745 ii
2603 1684 2718 1765 qui

325 1784 594 1849 Athenis
639 1784 1050 1870 pullulabant
1093 1790 1490 1867 τοιχωρύχοι,
1539 1785 2071 1863 βαλλαντιατόμοι
2089 1832 2106 1862 ,
2149 1784 2499 1849 λωποδύται
2542 1788 2717 1850 simi-

328 1888 498 1955 lesve
549 1888 838 1955 malefici
853 1938 870 1968 ,
935 1890 1046 1955 sed
1105 1890 1323 1976 quales
1381 1909 1534 1956 rure·
1589 1891 1896 1957 vivebant
1956 1891 2150 1954 ovium
2177 1891 2390 1975 fures.
2453 1891 2715 1957 Accedit

329 1994 497 2078 quod
543 1997 816 2062 minime
860 1994 1264 2083 intellegitur
1311 2018 1424 2061 cur
1465 1999 1606 2061 ioco
1653 1994 1943 2075 (παίζων)
1991 2015 2064 2060 ea
2100 1995 2273 2059 furta
2308 1998 2713 2061 committere

327 2098 640 2165 dicantur.
695 2100 887 2170 „Haec
915 2104 1141 2187 ·ig·itur
1184 2118 1290 2166 me
1333 2107 1596 2177 movent
1641 2106 1717 2166 ut
1760 2100 1980 2165 nullus
2028 2094 2347 2165 dubitem'
2369 2104 2522 2185 quin
2568 2104 2712 2183 aym·

324 2206 436 2269 isti
497 2209 562 2269 et
615 2205 833 2287 arictes
895 2211 960 2271 et
1009 2214 1290 2289 pastores
1335 2228 1460 2271 non
1507 2208 1761 2291 proprio
1809 2206 1918 2270 sed
1966 2205 2272 2271 translato
2320 2227 2510 2271 sensu
2558 2209 2711 2271 acci-

325 2309 541 2394 piendi
600 2314 750 2376 sint.
811 2312 1060 2397 Nempe
1124 2318 1201 2375 ut
1259 2314 1328 2375 in
1374 2332 1564 2377 versu
1610 2330 1981 2397 praegresso
2026 2312 2077 2375 οἱ
2121 2310 2495 2375 παιδοπῖπαι
2544 2332 2705 2376 com·

324 2421 786 2494 memorantur,
853 2418 959 2482 hic
1028 2416 1386 2502 significare
1459 2418 1743 2500 suspicor
1799 2409 2199 2497 paeda-asiae
2268 2421 2331 2479 et
2397 2416 2672 2503 pathin-075
2688 2464 2705 2494 ,

325 2524 436 2605 qui
487 2523 870 2604 pastoribus,
935 2526 978 2587 i.
1029 2544 1083 2587 e.
1149 2529 1272 2594 τοῖς
1340 2519 1723 2596 μισθοδόταις
1744 2568 1761 2597 ,
1826 2518 2215 2585 suffurentur
2274 2542 2490 2601 cynos,
2552 2524 2597 2584 i.
2650 2542 2704 2586 e.

322 2644 570 2711 pueros·
627 2627 898 2693 vixdum
975 2628 1242 2713 puberes
1259 2675 1276 2703 ,
1357 2632 1422 2691 et
1493 2624 1711 2689 arrietes
1729 2674 1746 2703 ,
1831 2628 1875 2688 i.
1926 2646 1981 2689 e.
2060 2627 2231 2689 viros
2281 2609 2562 2690 'adultos
2634 2646 2707 2691 ac

323 2733 616 2802 robustos
635 2779 652 2810 ,
718 2739 810 2798 ut¹
845 2736 976 2819 'ipsi
1031 2733 1282 2799 'scilicet
1341 2730 1603 2796 illorum
1665 2730 1819 2795 flore
1836 2779 1853 2808 ,
1918 2730 2151 2795 horum
2201 2730 2451 2795 viribus
2498 2731 2701 2796 fruan-

327 2841 450 2902 tur.
512 2837 720 2902 Notus
781 2843 1001 2903 autem
1063 2844 1159 2903 est
1215 2837 1398 2902 verbi
1457 2833 1699 2914 παΙζειν
1744 2838 1813 2898 in
1860 2854 1928 2898 re
1976 2836 2291 2899 amatoria
2354 2854 2543 2912 usus,
2595 2837 2707 2901 sed

326 2941 447 3006 sere
495 2945 706 3007 nescio
755 2963 835 3006 an
874 2942 1350 3008 Anaxandrides
1389 2962 1503 3026 pro
1541 2939 1774 3019 παίζων
1818 2941 2141 3024 scripserit
2182 2941 2399 3023 potius
2439 2939 2703 3020 παίζειν,

327 3047 368 3109 i.
393 3068 446 3111 e.
492 3045 648 3111 ὥστε
697 3047 958 3129 παίζειν.
1008 3048 1325 3113 Tenerum
1372 3066 1647 3131 puerum
1697 3047 1939 3128 optime·
1976 3041 2129 3122 ἄρνα
2167 3047 2381 3109 vocari
2419 3047 2705 3130 potuisse

216 3162 224 3172 ·
329 3149 764 3218 demonstrabo
810 3152 948 3219 loco
995 3153 1473 3237 Aristophanis,
1523 3149 1710 3234 Vesp.
1758 3147 1891 3212 568
1914 3167 2047 3232 sqq.

503 3257 611 3326 κῆν
657 3259 746 3334 μὴ
794 3259 1029 3331 τούτοις
1077 3257 1624 3333 ἀναπειθώμεσθα,
1674 3255 1758 3318 τα
1808 3252 2079 3331 παιδάρι’
2126 3252 2300 3323 εὐθὺς
2346 3252 2627 3331 ἀνέλκει,

501 3361 919 3436 &cometae
967 3361 1070 3428 καὶ
1121 3364 1259 3434 τοὺς
1313 3364 1470 3438 ὑεῖς,
1521 3369 1628 3434 τῆς
1677 3359 1917 3438 χειρός,
1970 3358 2091 3434 ἐγὼ
2138 3357 2191 3420 δ’
2238 3359 2571 3434 ἀκροῶμαι.

500 3466 586 3532 τὰ
636 3466 698 3530 δὲ
745 3471 1134 3548 συγκύψανθ’
1181 3465 1656 3545 ὦμβληχοῖται·
1706 3462 1947 3527 κᾶπειθ’
1995 3463 2023 3526 ὅ
2071 3463 2276 3539 πατὴρ
2318 3461 2461 3540 ὑπὲρ
2500 3466 2702 3528 αὐτῶν

497 3567 700 3647 ὥσπερ
759 3571 881 3636 θεὸν
931 3573 1260 3650 ἀντιβολεῖ
1301 3594 1383 3646 με
1430 3569 1700 3645 τρέμων·
1754 3573 1905 3644 »τῆς
1954 3566 2198 3639 εὐθύνης
2247 3568 2317 3641 μ’
2366 3567 2699 3645 ἀπόλυσον,

497 3675 549 3737 εἰ
594 3663 996 3762 μὲνὟχαΙρεις
1047 3674 1280 3756 ἀρνὸς
1329 3681 1537 3754 φωνῇ,
1588 3671 1876 3742 παιδὸς
1924 3670 2471 3749 φωνῆνέ’λεήσας,

497 3777 547 3840 εἰ
595 3778 648 3840 δ’
699 3773 781 3841 αὖ
828 3790 954 3856 τοῖς
1003 3780 1318 3863 χοιριδίοις,
1353 3780 1689 3858 χαίρους’-εις
1708 3774 1782 3855 ?),
1830 3773 2129 3853 θυγατρὸς
2178 3780 2349 3855 Φωνῇ
2397 3797 2479 3849 με
2528 3775 2630 3853 (σὺ
2648 3775 2703 3858 ?)

793 3885 800 3893 ’
869 3911 874 3914 ·
1018 3897 1027 3906 ·
1268 3883 1275 3891 ’
1866 3915 1918 3952 «,
2338 3879 2616 3943 πιθέσθαι
2632 3881 2697 3958 ,”

328 3997 430 4045 nec
475 3987 820 4068 quisquam
837 4038 854 4066 ,
905 3996 1150 4078 opinor,
1189 3993 1326 4054 sine
1363 3989 1732 4053 testimonio
1772 3984 2105 4049 concedere
2145 3983 2309 4048 mihi
2347 3985 2699 4062 recusabit,

331 4085 562 4150 eodem.
592 4091 732 4153 iure
795 4097 1018 4161 virum
1078 4091 1374 4160 adultum
1437 4092 1612 4170 κριόν,
1679 4089 1955 4154 bestiam>
1998 4089 2342 4166 ὀχευτικήν,
2391 4087 2703 4172 appellari

327 4192 610 4269 potuisse.
653 4191 794 4270 Quo
836 4220 992 4267 vero
1033 4201 1292 4284 aptiore·
1319 4200 1608 4272 nomine,
1648 4213 1881 4278 quaeso
1900 4239 1917 4268 ,
1950 4193 2141 4254 homo
2181 4193 2293 4272 qui
2328 4193 2701 4256 istiusmodi

327 4307 532 4372 ΡΘΟΠΒ,
593 4302 664 4358 ut
707 4297 993 4370 libidini
1057 4304 1208 4368 suae
1267 4301 1634 4386 indulgeat,
1688 4295 1929 4380 pascit,
1981 4298 2196 4360 vocari
2240 4296 2455 4380 potuit
2502 4315 2700 4380 quam

314 4395 605 4481 &autori-5?
650 4399 898 4472 Utrum
943 4406 1284 4476 Menandri
1331 4408 1559 4494 frag-m.
1609 4401 1742 4470 844
1766 4399 1851 4465 K.

272 4500 459 4834 ὓ

114 4822 179 5053 ’4
