<?xml version="1.0" encoding="UTF-8"?>
<!DOCTYPE html PUBLIC "-//W3C//DTD XHTML 1.0 Transitional//EN"
    "http://www.w3.org/TR/xhtml1/DTD/xhtml1-transitional.dtd">
<html xmlns="http://www.w3.org/1999/xhtml" xml:lang="en" lang="en">
 <head>
  <title>
</title>
<meta http-equiv="Content-Type" content="text/html;charset=utf-8" />
  <meta name='ocr-system' content='tesseract 3.04.00' />
  <meta name='ocr-capabilities' content='ocr_page ocr_carea ocr_par ocr_line ocrx_word'/>
</head>
<body>
  <div class='ocr_page' id='page_1' title='image "./mnemosynevolume04verdgoog_0226.png"; bbox 0 0 3351 5463; ppageno 0'>
   <div class='ocr_carea' id='block_1_1' title="bbox 646 311 2346 404">
    <p class='ocr_par' dir='ltr' id='par_1_1' title="bbox 646 311 2346 404">
     <span class='ocr_line' id='line_1_1' title="bbox 646 311 2346 404; baseline 0 -2"><span class='ocrx_word' id='word_1_1' title='bbox 646 311 777 402; x_wconf 70' lang='lat'>216</span> <span class='ocrx_word' id='word_1_2' title='bbox 1324 327 1549 403; x_wconf 68' lang='grc' dir='ltr'>00111111ο</span> <span class='ocrx_word' id='word_1_3' title='bbox 1581 355 1815 404; x_wconf 55' lang='grc'>1111111111</span> <span class='ocrx_word' id='word_1_4' title='bbox 1858 354 2346 404; x_wconf 64' lang='lat' dir='ltr'>Donmmmus.</span> 
     </span>
    </p>
   </div>
   <div class='ocr_carea' id='block_1_2' title="bbox 641 519 3034 1216">
    <p class='ocr_par' dir='ltr' id='par_1_2' title="bbox 641 519 3034 1216">
     <span class='ocr_line' id='line_1_2' title="bbox 645 519 3030 586; baseline 0 -2"><span class='ocrx_word' id='word_1_5' title='bbox 645 520 932 586; x_wconf 88' lang='lat' dir='ltr'>uulnera.</span> <span class='ocrx_word' id='word_1_6' title='bbox 996 520 1213 585; x_wconf 85' lang='lat' dir='ltr'>lancea</span> <span class='ocrx_word' id='word_1_7' title='bbox 1274 520 1432 586; x_wconf 90' lang='lat' dir='ltr'>mali</span> <span class='ocrx_word' id='word_1_8' title='bbox 1480 519 1758 585; x_wconf 87' lang='lat' dir='ltr'>thrasilli</span> <span class='ocrx_word' id='word_1_9' title='bbox 1805 541 1910 584; x_wconf 89' lang='lat' dir='ltr'>me</span> <span class='ocrx_word' id='word_1_10' title='bbox 1958 520 2080 584; x_wconf 91' lang='lat' dir='ltr'>tibi</span> <span class='ocrx_word' id='word_1_11' title='bbox 2126 521 2282 584; x_wconf 82' lang='lat' dir='ltr'>fecit</span> <span class='ocrx_word' id='word_1_12' title='bbox 2325 519 2626 586; x_wconf 85' lang='lat' dir='ltr'>alienum.</span> <span class='ocrx_word' id='word_1_13' title='bbox 2675 525 2739 586; x_wconf 92' lang='lat' dir='ltr'>et</span> <span class='ocrx_word' id='word_1_14' title='bbox 2785 520 3030 586; x_wconf 76' lang='lat' dir='ltr'>addidit</span> 
     </span>
     <span class='ocr_line' id='line_1_3' title="bbox 644 625 3028 712; baseline 0 -21"><span class='ocrx_word' id='word_1_15' title='bbox 644 633 852 691; x_wconf 88' lang='lat' dir='ltr'>cetera</span> <span class='ocrx_word' id='word_1_16' title='bbox 908 648 1288 711; x_wconf 90' lang='lat' dir='ltr'>omnemque</span> <span class='ocrx_word' id='word_1_17' title='bbox 1347 647 1567 691; x_wconf 87' lang='lat' dir='ltr'>cenam</span> <span class='ocrx_word' id='word_1_18' title='bbox 1630 625 1884 691; x_wconf 87' lang='lat' dir='ltr'>sceleris</span> <span class='ocrx_word' id='word_1_19' title='bbox 1936 625 2287 691; x_wconf 90' lang='lat' dir='ltr'>illuminat.</span> <span class='ocrx_word' id='word_1_20' title='bbox 2349 630 2416 690; x_wconf 88' lang='lat' dir='ltr'>at</span> <span class='ocrx_word' id='word_1_21' title='bbox 2458 625 2572 692; x_wconf 90' lang='lat' dir='ltr'>illa</span> <span class='ocrx_word' id='word_1_22' title='bbox 2617 633 2692 691; x_wconf 91' lang='lat' dir='ltr'>ut</span> <span class='ocrx_word' id='word_1_23' title='bbox 2736 630 3028 712; x_wconf 89' lang='lat' dir='ltr'>primum</span> 
     </span>
     <span class='ocr_line' id='line_1_4' title="bbox 645 729 3031 820; baseline 0 -25"><span class='ocrx_word' id='word_1_24' title='bbox 645 743 851 796; x_wconf 89' lang='lat' dir='ltr'>mesta</span> <span class='ocrx_word' id='word_1_25' title='bbox 898 729 954 815; x_wconf 84' lang='lat' dir='ltr'>qi</span> <span class='ocrx_word' id='word_1_26' title='bbox 1234 738 1450 797; x_wconf 90' lang='lat' dir='ltr'>euerat</span> <span class='ocrx_word' id='word_1_27' title='bbox 1494 732 1678 796; x_wconf 89' lang='lat' dir='ltr'>thoro</span> <span class='ocrx_word' id='word_1_28' title='bbox 1725 732 1956 796; x_wconf 88' lang='lat' dir='ltr'>faciem</span> <span class='ocrx_word' id='word_1_29' title='bbox 2001 733 2312 816; x_wconf 86' lang='lat' dir='ltr'>impressa</span> <span class='ocrx_word' id='word_1_30' title='bbox 2356 734 2491 796; x_wconf 88' lang='lat' dir='ltr'>iam</span> <span class='ocrx_word' id='word_1_31' title='bbox 2537 755 2668 820; x_wconf 36' lang='grc'>11011,</span> <span class='ocrx_word' id='word_1_32' title='bbox 2709 733 3031 797; x_wconf 87' lang='lat' dir='ltr'>dormiens</span> 
     </span>
     <span class='ocr_line' id='line_1_5' title="bbox 641 835 3034 922; baseline 0.001 -22"><span class='ocrx_word' id='word_1_33' title='bbox 641 835 925 900; x_wconf 79' lang='lat' dir='ltr'>lacrimis</span> <span class='ocrx_word' id='word_1_34' title='bbox 986 837 1433 916; x_wconf 67' lang='lat' dir='ltr'>emanantibus</span> <span class='ocrx_word' id='word_1_35' title='bbox 1494 857 1692 922; x_wconf 80' lang='lat' dir='ltr'>genas</span> <span class='ocrx_word' id='word_1_36' title='bbox 1755 837 2130 901; x_wconf 78' lang='lat' dir='ltr'>cohumidat</span> <span class='ocrx_word' id='word_1_37' title='bbox 2191 841 2257 902; x_wconf 91' lang='lat' dir='ltr'>et</span> <span class='ocrx_word' id='word_1_38' title='bbox 2319 837 2501 902; x_wconf 87' lang='lat' dir='ltr'>uelut</span> <span class='ocrx_word' id='word_1_39' title='bbox 2565 839 2840 921; x_wconf 87' lang='lat' dir='ltr'>quodam</span> <span class='ocrx_word' id='word_1_40' title='bbox 2900 844 3034 902; x_wconf 86' lang='lat' dir='ltr'>tor-</span> 
     </span>
     <span class='ocr_line' id='line_1_6' title="bbox 644 941 3033 1028; baseline 0.002 -24"><span class='ocrx_word' id='word_1_41' title='bbox 644 946 861 1006; x_wconf 89' lang='lat' dir='ltr'>mento</span> <span class='ocrx_word' id='word_1_42' title='bbox 908 943 1195 1026; x_wconf 89' lang='lat' dir='ltr'>inquieta</span> <span class='ocrx_word' id='word_1_43' title='bbox 1234 945 1434 1026; x_wconf 80' lang='lat' dir='ltr'>quieti</span> <span class='ocrx_word' id='word_1_44' title='bbox 1474 963 1738 1007; x_wconf 85' lang='lat' dir='ltr'>excussa</span> <span class='ocrx_word' id='word_1_45' title='bbox 1775 941 1960 1007; x_wconf 89' lang='lat' dir='ltr'>luctu</span> <span class='ocrx_word' id='word_1_46' title='bbox 1999 942 2434 1028; x_wconf 81' lang='lat' dir='ltr'>redintegrato</span> <span class='ocrx_word' id='word_1_47' title='bbox 2472 943 2796 1028; x_wconf 84' lang='lat' dir='ltr'>prolixum</span> <span class='ocrx_word' id='word_1_48' title='bbox 2828 943 3033 1008; x_wconf 89' lang='lat' dir='ltr'>eiulat</span> 
     </span>
     <span class='ocr_line' id='line_1_7' title="bbox 642 1047 3028 1134; baseline 0.001 -24"><span class='ocrx_word' id='word_1_49' title='bbox 642 1047 1025 1132; x_wconf 75' lang='lat' dir='ltr'>discissaque</span> <span class='ocrx_word' id='word_1_50' title='bbox 1085 1047 1364 1112; x_wconf 88' lang='lat' dir='ltr'>interula</span> <span class='ocrx_word' id='word_1_51' title='bbox 1425 1048 1649 1112; x_wconf 88' lang='lat' dir='ltr'>decora</span> <span class='ocrx_word' id='word_1_52' title='bbox 1711 1049 2004 1113; x_wconf 88' lang='lat' dir='ltr'>bracchia</span> <span class='ocrx_word' id='word_1_53' title='bbox 2065 1050 2475 1120; x_wconf 85' lang='lat' dir='ltr'>saeuentibus</span> <span class='ocrx_word' id='word_1_54' title='bbox 2533 1048 2839 1134; x_wconf 88' lang='lat' dir='ltr'>palmulis</span> <span class='ocrx_word' id='word_1_55' title='bbox 2903 1054 3028 1130; x_wconf 88' lang='lat' dir='ltr'>(et)</span> 
     </span>
     <span class='ocr_line' id='line_1_8' title="bbox 643 1153 1073 1216; baseline 0 0"><span class='ocrx_word' id='word_1_56' title='bbox 643 1153 1073 1216; x_wconf 88' lang='lat' dir='ltr'>conuerberat.</span> 
     </span>
    </p>
   </div>
   <div class='ocr_carea' id='block_1_3' title="bbox 941 781 1227 790">
    <p class='ocr_par' dir='ltr' id='par_1_3' title="bbox 941 781 1227 790">
     <span class='ocr_line' id='line_1_9' title="bbox 941 781 1227 790; baseline 0 4673"><span class='ocrx_word' id='word_1_57' title='bbox 941 781 1227 790; x_wconf 95' lang='lat' dir='ltr'> </span> 
     </span>
    </p>
   </div>
   <div class='ocr_carea' id='block_1_4' title="bbox 642 1332 3036 1529">
    <p class='ocr_par' dir='ltr' id='par_1_4' title="bbox 642 1332 3036 1529">
     <span class='ocr_line' id='line_1_10' title="bbox 733 1332 3032 1420; baseline 0.003 -26"><span class='ocrx_word' id='word_1_58' title='bbox 733 1332 914 1395; x_wconf 79' lang='lat' dir='ltr'>Liber</span> <span class='ocrx_word' id='word_1_59' title='bbox 976 1333 1298 1395; x_wconf 70' lang='lat' dir='ltr'>Parisinus</span> <span class='ocrx_word' id='word_1_60' title='bbox 1342 1368 1421 1393; x_wconf 93' lang='lat'><strong><em>=</em></strong></span> <span class='ocrx_word' id='word_1_61' title='bbox 1468 1332 2180 1398; x_wconf 82' lang='lat' dir='ltr'>&#39;Pelleriano-Remensis</span> <span class='ocrx_word' id='word_1_62' title='bbox 2241 1332 2350 1400; x_wconf 77' lang='lat'>8¹7.</span> <span class='ocrx_word' id='word_1_63' title='bbox 2415 1334 2576 1420; x_wconf 82' lang='lat' dir='ltr'>Reg.</span> <span class='ocrx_word' id='word_1_64' title='bbox 2629 1334 2826 1401; x_wconf 87' lang='grc'>9310.</span> <span class='ocrx_word' id='word_1_65' title='bbox 2879 1335 3032 1401; x_wconf 89' lang='lat' dir='ltr'>Lat.</span> 
     </span>
     <span class='ocr_line' id='line_1_11' title="bbox 642 1435 3036 1529; baseline 0.001 -28"><span class='ocrx_word' id='word_1_66' title='bbox 642 1435 820 1502; x_wconf 87' lang='grc'>8668</span> <span class='ocrx_word' id='word_1_67' title='bbox 854 1438 945 1501; x_wconf 84' lang='lat' dir='ltr'>cf.</span> <span class='ocrx_word' id='word_1_68' title='bbox 994 1437 1281 1529; x_wconf 72' lang='lat' dir='ltr'>Hildebr.</span> <span class='ocrx_word' id='word_1_69' title='bbox 1328 1460 1389 1523; x_wconf 92' lang='lat' dir='ltr'>p.</span> <span class='ocrx_word' id='word_1_70' title='bbox 1432 1456 1639 1502; x_wconf 78' lang='lat' dir='ltr'>Lxxm</span> <span class='ocrx_word' id='word_1_71' title='bbox 1677 1440 1800 1504; x_wconf 83' lang='lat' dir='ltr'>has&#39;</span> <span class='ocrx_word' id='word_1_72' title='bbox 1831 1440 1958 1504; x_wconf 88' lang='lat' dir='ltr'>fere</span> <span class='ocrx_word' id='word_1_73' title='bbox 1997 1440 2257 1524; x_wconf 75' lang='lat' dir='ltr'>praebet</span> <span class='ocrx_word' id='word_1_74' title='bbox 2297 1443 2679 1526; x_wconf 88' lang='lat' dir='ltr'>scripturas:</span> <span class='ocrx_word' id='word_1_75' title='bbox 2721 1442 3036 1504; x_wconf 72' lang='lat' dir='ltr'>succubuit</span> 
     </span>
    </p>
   </div>
   <div class='ocr_carea' id='block_1_5' title="bbox 646 1541 3170 1632">
    <p class='ocr_par' dir='ltr' id='par_1_5' title="bbox 646 1541 3170 1632">
     <span class='ocr_line' id='line_1_12' title="bbox 646 1541 3170 1632; baseline 0.001 -28"><span class='ocrx_word' id='word_1_76' title='bbox 646 1579 730 1590; x_wconf 90' lang='lat'>--</span> <span class='ocrx_word' id='word_1_77' title='bbox 758 1543 952 1624; x_wconf 78' lang='lat' dir='ltr'>paulo</span> <span class='ocrx_word' id='word_1_78' title='bbox 996 1579 1076 1590; x_wconf 91' lang='lat'><strong>—</strong></span> <span class='ocrx_word' id='word_1_79' title='bbox 1120 1541 1391 1605; x_wconf 76' lang='lat' dir='ltr'>obediens</span> <span class='ocrx_word' id='word_1_80' title='bbox 1432 1582 1515 1591; x_wconf 96' lang='lat'>—</span> <span class='ocrx_word' id='word_1_81' title='bbox 1555 1545 1763 1607; x_wconf 77' lang='lat' dir='ltr'>munia</span> <span class='ocrx_word' id='word_1_82' title='bbox 1800 1566 2008 1607; x_wconf 78' lang='lat' dir='ltr'>rursus</span> <span class='ocrx_word' id='word_1_83' title='bbox 2052 1581 2136 1592; x_wconf 94' lang='lat'>-—-</span> <span class='ocrx_word' id='word_1_84' title='bbox 2173 1544 2488 1626; x_wconf 68' lang='lat' dir='ltr'>imayiuem</span> <span class='ocrx_word' id='word_1_85' title='bbox 2529 1547 2810 1632; x_wconf 70' lang='lat' dir='ltr'>defuncti</span> <span class='ocrx_word' id='word_1_86' title='bbox 2849 1570 3034 1632; x_wconf 81' lang='lat' dir='ltr'>quam</span> <span class='ocrx_word' id='word_1_87' title='bbox 3093 1577 3098 1580; x_wconf 96' lang='lat'>·</span> <span class='ocrx_word' id='word_1_88' title='bbox 3163 1601 3170 1606; x_wconf 90' lang='lat'>.</span> 
     </span>
    </p>
   </div>
   <div class='ocr_carea' id='block_1_6' title="bbox 646 1649 1535 1729">
    <p class='ocr_par' dir='ltr' id='par_1_6' title="bbox 646 1649 1535 1729">
     <span class='ocr_line' id='line_1_13' title="bbox 646 1649 1535 1729; baseline 0.003 -20"><span class='ocrx_word' id='word_1_89' title='bbox 646 1684 728 1694; x_wconf 91' lang='lat'><em>-</em></span> <span class='ocrx_word' id='word_1_90' title='bbox 765 1670 1018 1729; x_wconf 77' lang='lat' dir='ltr'>preceps</span> <span class='ocrx_word' id='word_1_91' title='bbox 1065 1654 1123 1710; x_wconf 70' lang='lat' dir='ltr'>et</span> <span class='ocrx_word' id='word_1_92' title='bbox 1167 1649 1535 1713; x_wconf 75' lang='lat' dir='ltr'>temerarius,</span> 
     </span>
    </p>
   </div>
   <div class='ocr_carea' id='block_1_7' title="bbox 642 1829 3036 2128">
    <p class='ocr_par' dir='ltr' id='par_1_7' title="bbox 642 1829 3036 2128">
     <span class='ocr_line' id='line_1_14' title="bbox 734 1829 1163 1895; baseline 0.002 -2"><span class='ocrx_word' id='word_1_93' title='bbox 734 1829 934 1894; x_wconf 87' lang='lat' dir='ltr'>altero</span> <span class='ocrx_word' id='word_1_94' title='bbox 983 1830 1120 1895; x_wconf 93' lang='lat' dir='ltr'>loco</span> <span class='ocrx_word' id='word_1_95' title='bbox 1139 1850 1163 1894; x_wconf 81' lang='lat'>:-</span> 
     </span>
     <span class='ocr_line' id='line_1_15' title="bbox 730 1935 3036 2024; baseline 0.003 -25"><span class='ocrx_word' id='word_1_96' title='bbox 730 1935 805 1999; x_wconf 78' lang='lat' dir='ltr'>E.</span> <span class='ocrx_word' id='word_1_97' title='bbox 862 1935 1009 2000; x_wconf 85' lang='lat'><strong>139.</strong></span> <span class='ocrx_word' id='word_1_98' title='bbox 1038 1935 1145 2000; x_wconf 84' lang='lat'>24.</span> <span class='ocrx_word' id='word_1_99' title='bbox 1210 1944 1309 2000; x_wconf 74' lang='lat' dir='ltr'>tue</span> <span class='ocrx_word' id='word_1_100' title='bbox 1354 1939 1458 2000; x_wconf 73' lang='lat' dir='ltr'>hee</span> <span class='ocrx_word' id='word_1_101' title='bbox 1504 1975 1589 1985; x_wconf 93' lang='lat'>—-</span> <span class='ocrx_word' id='word_1_102' title='bbox 1638 1938 1816 2002; x_wconf 71' lang='lat' dir='ltr'>etiam</span> <span class='ocrx_word' id='word_1_103' title='bbox 1863 1961 2020 2002; x_wconf 80' lang='lat' dir='ltr'>nuuc</span> <span class='ocrx_word' id='word_1_104' title='bbox 2071 1975 2154 1987; x_wconf 91' lang='lat'>—-</span> <span class='ocrx_word' id='word_1_105' title='bbox 2203 1940 2570 2004; x_wconf 75' lang='lat' dir='ltr'>uerberabat.</span> <span class='ocrx_word' id='word_1_106' title='bbox 2640 1939 2714 2004; x_wconf 90' lang='lat' dir='ltr'>In</span> <span class='ocrx_word' id='word_1_107' title='bbox 2761 1938 3036 2024; x_wconf 83' lang='lat' dir='ltr'>reliquis</span> 
     </span>
     <span class='ocr_line' id='line_1_16' title="bbox 642 2041 1474 2128; baseline 0.004 -24"><span class='ocrx_word' id='word_1_108' title='bbox 642 2061 791 2105; x_wconf 89' lang='lat' dir='ltr'>cum</span> <span class='ocrx_word' id='word_1_109' title='bbox 837 2041 1106 2126; x_wconf 82' lang='lat' dir='ltr'>uulgato</span> <span class='ocrx_word' id='word_1_110' title='bbox 1156 2045 1474 2128; x_wconf 85' lang='lat' dir='ltr'>congruit.</span> 
     </span>
    </p>
   </div>
   <div class='ocr_carea' id='block_1_8' title="bbox 643 2227 3034 2401">
    <p class='ocr_par' dir='ltr' id='par_1_8' title="bbox 643 2227 3034 2401">
     <span class='ocr_line' id='line_1_17' title="bbox 744 2227 3034 2320; baseline 0.003 -28"><span class='ocrx_word' id='word_1_111' title='bbox 744 2230 1252 2315; x_wconf 58' lang='lat' dir='ltr'>Guciferbytuuus</span> <span class='ocrx_word' id='word_1_112' title='bbox 1296 2227 1541 2310; x_wconf 55' lang='lat' dir='ltr'>1724q),</span> <span class='ocrx_word' id='word_1_113' title='bbox 1586 2234 1748 2294; x_wconf 89' lang='lat' dir='ltr'>teste</span> <span class='ocrx_word' id='word_1_114' title='bbox 1787 2230 2128 2310; x_wconf 84' lang='lat' dir='ltr'>Rossbach,</span> <span class='ocrx_word' id='word_1_115' title='bbox 2169 2235 2234 2296; x_wconf 88' lang='lat' dir='ltr'>in</span> <span class='ocrx_word' id='word_1_116' title='bbox 2258 2232 2396 2299; x_wconf 93' lang='lat' dir='ltr'>loco</span> <span class='ocrx_word' id='word_1_117' title='bbox 2421 2234 2497 2299; x_wconf 93' lang='lat' dir='ltr'>de</span> <span class='ocrx_word' id='word_1_118' title='bbox 2521 2256 2647 2320; x_wconf 91' lang='lat' dir='ltr'>quo</span> <span class='ocrx_word' id='word_1_119' title='bbox 2673 2237 3034 2320; x_wconf 85' lang='lat' dir='ltr'>quaeritur,</span> 
     </span>
     <span class='ocr_line' id='line_1_18' title="bbox 643 2337 1157 2401; baseline -0.006 0"><span class='ocrx_word' id='word_1_120' title='bbox 643 2337 798 2401; x_wconf 89' lang='lat' dir='ltr'>haec</span> <span class='ocrx_word' id='word_1_121' title='bbox 847 2337 1157 2400; x_wconf 86' lang='lat' dir='ltr'>ostendit:</span> 
     </span>
    </p>
   </div>
   <div class='ocr_carea' id='block_1_9' title="bbox 659 2482 3041 2713">
    <p class='ocr_par' dir='ltr' id='par_1_9' title="bbox 659 2482 3041 2713">
     <span class='ocr_line' id='line_1_19' title="bbox 734 2482 3041 2610; baseline 0.004 -29"><span class='ocrx_word' id='word_1_122' title='bbox 734 2482 1065 2594; x_wconf 69' lang='lat' dir='ltr'>„subcubd</span> <span class='ocrx_word' id='word_1_123' title='bbox 1104 2517 1295 2583; x_wconf 84' lang='lat' dir='ltr'>uultu</span> <span class='ocrx_word' id='word_1_124' title='bbox 1340 2540 1465 2583; x_wconf 91' lang='lat' dir='ltr'>non</span> <span class='ocrx_word' id='word_1_125' title='bbox 1503 2518 1752 2604; x_wconf 84' lang='lat' dir='ltr'>hylaro.</span> <span class='ocrx_word' id='word_1_126' title='bbox 1802 2519 2155 2586; x_wconf 82' lang='lat' dir='ltr'>Thrasillus</span> <span class='ocrx_word' id='word_1_127' title='bbox 2196 2543 2347 2588; x_wconf 89' lang='lat' dir='ltr'>uero</span> <span class='ocrx_word' id='word_1_128' title='bbox 2390 2533 2687 2610; x_wconf 83' lang='lat' dir='ltr'>praeceps</span> <span class='ocrx_word' id='word_1_129' title='bbox 2730 2529 2794 2590; x_wconf 88' lang='lat' dir='ltr'>et</span> <span class='ocrx_word' id='word_1_130' title='bbox 2831 2529 3041 2590; x_wconf 89' lang='lat' dir='ltr'>teme-</span> 
     </span>
     <span class='ocr_line' id='line_1_20' title="bbox 659 2623 2550 2713; baseline 0.004 -27"><span class='ocrx_word' id='word_1_131' title='bbox 659 2625 907 2700; x_wconf 85' lang='lat' dir='ltr'>„rari&#39;us</span> <span class='ocrx_word' id='word_1_132' title='bbox 955 2625 1395 2709; x_wconf 79' lang='lat' dir='ltr'>priu&#39;squam.&#39;’</span> <span class='ocrx_word' id='word_1_133' title='bbox 1448 2623 1785 2691; x_wconf 82' lang='lat' dir='ltr'>Consentit</span> <span class='ocrx_word' id='word_1_134' title='bbox 1829 2629 2034 2713; x_wconf 82' lang='lat' dir='ltr'>igitur</span> <span class='ocrx_word' id='word_1_135' title='bbox 2078 2649 2225 2692; x_wconf 88' lang='lat' dir='ltr'>cum</span> <span class='ocrx_word' id='word_1_136' title='bbox 2273 2628 2550 2695; x_wconf 89' lang='lat' dir='ltr'>Venetis.</span> 
     </span>
    </p>
   </div>
   <div class='ocr_carea' id='block_1_10' title="bbox 612 2808 3035 3318">
    <p class='ocr_par' dir='ltr' id='par_1_10' title="bbox 612 2808 3035 3318">
     <span class='ocr_line' id='line_1_21' title="bbox 732 2808 3034 2902; baseline 0.004 -27"><span class='ocrx_word' id='word_1_137' title='bbox 732 2812 905 2889; x_wconf 88' lang='lat' dir='ltr'>„noli</span> <span class='ocrx_word' id='word_1_138' title='bbox 964 2813 1300 2898; x_wconf 87' lang='lat' dir='ltr'>parricidio</span> <span class='ocrx_word' id='word_1_139' title='bbox 1363 2816 1619 2899; x_wconf 87' lang='lat' dir='ltr'>nuptias</span> <span class='ocrx_word' id='word_1_140' title='bbox 1666 2817 2004 2900; x_wconf 87' lang='lat' dir='ltr'>auspicari.</span> <span class='ocrx_word' id='word_1_141' title='bbox 2069 2816 2352 2882; x_wconf 84' lang='lat' dir='ltr'>Vulnera</span> <span class='ocrx_word' id='word_1_142' title='bbox 2401 2816 2516 2882; x_wconf 88' lang='lat' dir='ltr'>illa</span> <span class='ocrx_word' id='word_1_143' title='bbox 2563 2808 2839 2902; x_wconf 84' lang='lat' dir='ltr'>quorum</span> <span class='ocrx_word' id='word_1_144' title='bbox 2884 2840 3034 2884; x_wconf 88' lang='lat' dir='ltr'>san-</span> 
     </span>
     <span class='ocr_line' id='line_1_22' title="bbox 612 2917 3027 3003; baseline 0.003 -20"><span class='ocrx_word' id='word_1_145' title='bbox 612 2920 907 3003; x_wconf 62' lang='lat' dir='ltr'>guinem</span> <span class='ocrx_word' id='word_1_146' title='bbox 954 2921 1064 2994; x_wconf 81' lang='lat' dir='ltr'>tue</span> <span class='ocrx_word' id='word_1_147' title='bbox 1108 2917 1368 2982; x_wconf 83' lang='lat' dir='ltr'>lacrimo</span> <span class='ocrx_word' id='word_1_148' title='bbox 1415 2918 1795 3002; x_wconf 81' lang='lat' dir='ltr'>proluerunt</span> <span class='ocrx_word' id='word_1_149' title='bbox 1842 2942 1967 2985; x_wconf 93' lang='lat' dir='ltr'>non</span> <span class='ocrx_word' id='word_1_150' title='bbox 2013 2926 2164 2985; x_wconf 91' lang='lat' dir='ltr'>sunt</span> <span class='ocrx_word' id='word_1_151' title='bbox 2211 2927 2348 2986; x_wconf 90' lang='lat' dir='ltr'>tota</span> <span class='ocrx_word' id='word_1_152' title='bbox 2396 2922 2686 2987; x_wconf 90' lang='lat' dir='ltr'>dentium</span> <span class='ocrx_word' id='word_1_153' title='bbox 2728 2924 3027 2990; x_wconf 87' lang='lat' dir='ltr'>uulnera.</span> 
     </span>
     <span class='ocr_line' id='line_1_23' title="bbox 642 3021 3035 3108; baseline 0.004 -22"><span class='ocrx_word' id='word_1_154' title='bbox 642 3022 751 3086; x_wconf 88' lang='lat' dir='ltr'>sed</span> <span class='ocrx_word' id='word_1_155' title='bbox 812 3022 1027 3087; x_wconf 88' lang='lat' dir='ltr'>lancea</span> <span class='ocrx_word' id='word_1_156' title='bbox 1089 3021 1247 3086; x_wconf 88' lang='lat' dir='ltr'>mali</span> <span class='ocrx_word' id='word_1_157' title='bbox 1310 3023 1589 3087; x_wconf 88' lang='lat' dir='ltr'>thrasilli</span> <span class='ocrx_word' id='word_1_158' title='bbox 1653 3045 1758 3089; x_wconf 90' lang='lat' dir='ltr'>me</span> <span class='ocrx_word' id='word_1_159' title='bbox 1821 3026 1944 3089; x_wconf 89' lang='lat' dir='ltr'>tibi</span> <span class='ocrx_word' id='word_1_160' title='bbox 1999 3026 2149 3090; x_wconf 87' lang='lat' dir='ltr'>fecit</span> <span class='ocrx_word' id='word_1_161' title='bbox 2195 3026 2501 3092; x_wconf 88' lang='lat' dir='ltr'>alienum.</span> <span class='ocrx_word' id='word_1_162' title='bbox 2559 3029 2731 3108; x_wconf 74' lang='lat' dir='ltr'>Quod</span> <span class='ocrx_word' id='word_1_163' title='bbox 2771 3031 3035 3095; x_wconf 81' lang='lat' dir='ltr'>audieus</span> 
     </span>
     <span class='ocr_line' id='line_1_24' title="bbox 648 3128 3028 3216; baseline 0.005 -27"><span class='ocrx_word' id='word_1_164' title='bbox 648 3128 890 3191; x_wconf 75' lang='lat' dir='ltr'>Charite</span> <span class='ocrx_word' id='word_1_165' title='bbox 948 3128 1201 3192; x_wconf 88' lang='lat' dir='ltr'>decoras</span> <span class='ocrx_word' id='word_1_166' title='bbox 1247 3132 1431 3215; x_wconf 85' lang='lat' dir='ltr'>genis</span> <span class='ocrx_word' id='word_1_167' title='bbox 1480 3132 1876 3195; x_wconf 85' lang='lat' dir='ltr'>seuientibus</span> <span class='ocrx_word' id='word_1_168' title='bbox 1923 3130 2229 3216; x_wconf 89' lang='lat' dir='ltr'>palmulis</span> <span class='ocrx_word' id='word_1_169' title='bbox 2276 3133 2718 3199; x_wconf 87' lang='lat' dir='ltr'>uerberabat.’&#39;</span> <span class='ocrx_word' id='word_1_170' title='bbox 2782 3135 2868 3200; x_wconf 81' lang='lat' dir='ltr'>Et</span> <span class='ocrx_word' id='word_1_171' title='bbox 2915 3137 3028 3202; x_wconf 87' lang='lat' dir='ltr'>hic</span> 
     </span>
     <span class='ocr_line' id='line_1_25' title="bbox 642 3234 1889 3318; baseline 0.002 -21"><span class='ocrx_word' id='word_1_172' title='bbox 642 3254 790 3297; x_wconf 93' lang='lat' dir='ltr'>cum</span> <span class='ocrx_word' id='word_1_173' title='bbox 838 3234 1069 3318; x_wconf 88' lang='lat' dir='ltr'>peioris</span> <span class='ocrx_word' id='word_1_174' title='bbox 1114 3238 1302 3299; x_wconf 89' lang='lat' dir='ltr'>notae</span> <span class='ocrx_word' id='word_1_175' title='bbox 1351 3234 1673 3299; x_wconf 90' lang='lat' dir='ltr'>codicibus</span> <span class='ocrx_word' id='word_1_176' title='bbox 1718 3236 1889 3299; x_wconf 89' lang='lat' dir='ltr'>facit.</span> 
     </span>
    </p>
   </div>
   <div class='ocr_carea' id='block_1_11' title="bbox 730 3420 2318 3506">
    <p class='ocr_par' dir='ltr' id='par_1_11' title="bbox 730 3420 2318 3506">
     <span class='ocr_line' id='line_1_26' title="bbox 730 3420 2318 3506; baseline 0.001 -21"><span class='ocrx_word' id='word_1_177' title='bbox 730 3420 1022 3506; x_wconf 89' lang='lat' dir='ltr'>Denique</span> <span class='ocrx_word' id='word_1_178' title='bbox 1067 3420 1099 3485; x_wconf 77' lang='grc' dir='ltr'>δ</span> <span class='ocrx_word' id='word_1_179' title='bbox 1146 3420 1635 3501; x_wconf 84' lang='lat' dir='ltr'>(Doruilh&#39;anus)</span> <span class='ocrx_word' id='word_1_180' title='bbox 1683 3421 1898 3486; x_wconf 91' lang='lat' dir='ltr'>locum</span> <span class='ocrx_word' id='word_1_181' title='bbox 1946 3424 2040 3487; x_wconf 90' lang='lat' dir='ltr'>ita</span> <span class='ocrx_word' id='word_1_182' title='bbox 2086 3422 2318 3488; x_wconf 86' lang='lat' dir='ltr'>tradit:</span> 
     </span>
    </p>
   </div>
   <div class='ocr_carea' id='block_1_12' title="bbox 539 3592 3030 4517">
    <p class='ocr_par' dir='ltr' id='par_1_12' title="bbox 539 3592 3030 4517">
     <span class='ocr_line' id='line_1_27' title="bbox 731 3592 3030 3680; baseline 0.004 -24"><span class='ocrx_word' id='word_1_183' title='bbox 731 3592 837 3656; x_wconf 87' lang='lat' dir='ltr'>fol.</span> <span class='ocrx_word' id='word_1_184' title='bbox 891 3592 975 3656; x_wconf 89' lang='grc'>60</span> <span class='ocrx_word' id='word_1_185' title='bbox 1023 3597 1103 3655; x_wconf 73' lang='grc'>10.</span> <span class='ocrx_word' id='word_1_186' title='bbox 1151 3594 1239 3656; x_wconf 91' lang='lat' dir='ltr'>At</span> <span class='ocrx_word' id='word_1_187' title='bbox 1283 3592 1400 3657; x_wconf 88' lang='lat' dir='ltr'>illa</span> <span class='ocrx_word' id='word_1_188' title='bbox 1446 3598 1786 3677; x_wconf 86' lang='lat' dir='ltr'>parentum</span> <span class='ocrx_word' id='word_1_189' title='bbox 1833 3614 2105 3658; x_wconf 90' lang='lat' dir='ltr'>suorum</span> <span class='ocrx_word' id='word_1_190' title='bbox 2153 3594 2438 3680; x_wconf 87' lang='lat' dir='ltr'>alioquin</span> <span class='ocrx_word' id='word_1_191' title='bbox 2477 3618 2776 3663; x_wconf 88' lang='lat' dir='ltr'>reuerens</span> <span class='ocrx_word' id='word_1_192' title='bbox 2811 3602 3030 3665; x_wconf 83' lang='lat' dir='ltr'>inuita.</span> 
     </span>
     <span class='ocr_line' id='line_1_28' title="bbox 642 3696 3030 3787; baseline 0.004 -26"><span class='ocrx_word' id='word_1_193' title='bbox 642 3697 901 3782; x_wconf 90' lang='lat' dir='ltr'>quidem</span> <span class='ocrx_word' id='word_1_194' title='bbox 948 3718 1180 3761; x_wconf 89' lang='lat' dir='ltr'>uerum</span> <span class='ocrx_word' id='word_1_195' title='bbox 1224 3696 1523 3783; x_wconf 82' lang='lat' dir='ltr'>religiose</span> <span class='ocrx_word' id='word_1_196' title='bbox 1571 3700 1935 3763; x_wconf 84' lang='lat' dir='ltr'>necessitati</span> <span class='ocrx_word' id='word_1_197' title='bbox 1983 3701 2305 3763; x_wconf 72' lang='lat' dir='ltr'>succubuit.</span> <span class='ocrx_word' id='word_1_198' title='bbox 2357 3700 2551 3766; x_wconf 91' lang='lat' dir='ltr'>uultu</span> <span class='ocrx_word' id='word_1_199' title='bbox 2599 3724 2724 3768; x_wconf 91' lang='lat' dir='ltr'>non</span> <span class='ocrx_word' id='word_1_200' title='bbox 2763 3704 3030 3787; x_wconf 87' lang='lat' dir='ltr'>quidem</span> 
     </span>
     <span class='ocr_line' id='line_1_29' title="bbox 639 3801 3027 3887; baseline 0.004 -22"><span class='ocrx_word' id='word_1_201' title='bbox 639 3801 854 3887; x_wconf 84' lang='lat' dir='ltr'>hylari</span> <span class='ocrx_word' id='word_1_202' title='bbox 916 3822 1147 3865; x_wconf 90' lang='lat' dir='ltr'>uerum</span> <span class='ocrx_word' id='word_1_203' title='bbox 1211 3801 1404 3885; x_wconf 93' lang='lat' dir='ltr'>paulo</span> <span class='ocrx_word' id='word_1_204' title='bbox 1466 3806 1777 3868; x_wconf 88' lang='lat' dir='ltr'>sereniore</span> <span class='ocrx_word' id='word_1_205' title='bbox 1803 3804 2120 3868; x_wconf 91' lang='lat' dir='ltr'>obediens</span> <span class='ocrx_word' id='word_1_206' title='bbox 2167 3811 2242 3869; x_wconf 93' lang='lat' dir='ltr'>ut</span> <span class='ocrx_word' id='word_1_207' title='bbox 2287 3806 2607 3870; x_wconf 73' lang='lat' dir='ltr'>uidebatur</span> <span class='ocrx_word' id='word_1_208' title='bbox 2652 3811 3027 3875; x_wconf 87' lang='lat' dir='ltr'>uiuentium</span> 
     </span>
     <span class='ocr_line' id='line_1_30' title="bbox 640 3902 3024 3993; baseline 0.004 -21"><span class='ocrx_word' id='word_1_209' title='bbox 640 3910 864 3972; x_wconf 88' lang='lat' dir='ltr'>munia</span> <span class='ocrx_word' id='word_1_210' title='bbox 927 3930 1136 3969; x_wconf 79' lang='lat' dir='ltr'>rursus</span> <span class='ocrx_word' id='word_1_211' title='bbox 1196 3910 1264 3970; x_wconf 89' lang='lat' dir='ltr'>in</span> <span class='ocrx_word' id='word_1_212' title='bbox 1325 3913 1576 3993; x_wconf 91' lang='lat' dir='ltr'>pectore</span> <span class='ocrx_word' id='word_1_213' title='bbox 1634 3909 1892 3972; x_wconf 79' lang='lat' dir='ltr'>imouere</span> <span class='ocrx_word' id='word_1_214' title='bbox 1950 3913 2208 3993; x_wconf 87' lang='lat' dir='ltr'>penitus</span> <span class='ocrx_word' id='word_1_215' title='bbox 2252 3914 2321 3974; x_wconf 93' lang='lat' dir='ltr'>in</span> <span class='ocrx_word' id='word_1_216' title='bbox 2366 3912 2670 3977; x_wconf 91' lang='lat' dir='ltr'>medullis</span> <span class='ocrx_word' id='word_1_217' title='bbox 2697 3902 2896 3979; x_wconf 54' lang='lat' dir='ltr'>⁴luctu</span> <span class='ocrx_word' id='word_1_218' title='bbox 2945 3936 3024 3981; x_wconf 82' lang='lat' dir='ltr'>ac</span> 
     </span>
     <span class='ocr_line' id='line_1_31' title="bbox 539 4002 3024 4101; baseline 0.002 -24"><span class='ocrx_word' id='word_1_219' title='bbox 539 4002 555 4011; x_wconf 68' lang='grc'><strong><em>’</em></strong></span> <span class='ocrx_word' id='word_1_220' title='bbox 639 4034 888 4077; x_wconf 87' lang='lat' dir='ltr'>merore</span> <span class='ocrx_word' id='word_1_221' title='bbox 948 4014 1243 4097; x_wconf 84' lang='lat' dir='ltr'>carpebat</span> <span class='ocrx_word' id='word_1_222' title='bbox 1305 4016 1594 4077; x_wconf 86' lang='lat' dir='ltr'>animum</span> <span class='ocrx_word' id='word_1_223' title='bbox 1659 4014 1917 4098; x_wconf 87' lang='lat' dir='ltr'>diesque</span> <span class='ocrx_word' id='word_1_224' title='bbox 1978 4020 2146 4081; x_wconf 90' lang='lat' dir='ltr'>totos</span> <span class='ocrx_word' id='word_1_225' title='bbox 2191 4021 2480 4101; x_wconf 86' lang='lat' dir='ltr'>totasque</span> <span class='ocrx_word' id='word_1_226' title='bbox 2529 4023 2744 4083; x_wconf 88' lang='lat' dir='ltr'>noctes</span> <span class='ocrx_word' id='word_1_227' title='bbox 2787 4018 3024 4083; x_wconf 79' lang='lat' dir='ltr'>insinu-</span> 
     </span>
     <span class='ocr_line' id='line_1_32' title="bbox 640 4116 3024 4205; baseline 0.003 -24"><span class='ocrx_word' id='word_1_228' title='bbox 640 4118 771 4181; x_wconf 67' lang='grc' dir='ltr'>εὐαί</span> <span class='ocrx_word' id='word_1_229' title='bbox 803 4116 1097 4181; x_wconf 91' lang='lat' dir='ltr'>luctuoso</span> <span class='ocrx_word' id='word_1_230' title='bbox 1139 4118 1469 4182; x_wconf 87' lang='lat' dir='ltr'>desiderio.</span> <span class='ocrx_word' id='word_1_231' title='bbox 1517 4117 1603 4181; x_wconf 83' lang='lat' dir='ltr'>Et</span> <span class='ocrx_word' id='word_1_232' title='bbox 1641 4122 2018 4204; x_wconf 81' lang='lat' dir='ltr'>ymaginem</span> <span class='ocrx_word' id='word_1_233' title='bbox 2060 4120 2344 4185; x_wconf 86' lang='lat' dir='ltr'>defuncti</span> <span class='ocrx_word' id='word_1_234' title='bbox 2383 4142 2574 4205; x_wconf 87' lang='lat' dir='ltr'>quam</span> <span class='ocrx_word' id='word_1_235' title='bbox 2611 4122 2689 4186; x_wconf 88' lang='lat' dir='ltr'>ad</span> <span class='ocrx_word' id='word_1_236' title='bbox 2721 4123 3024 4189; x_wconf 89' lang='lat' dir='ltr'>habitum</span> 
     </span>
     <span class='ocr_line' id='line_1_33' title="bbox 637 4221 3023 4309; baseline 0.002 -22"><span class='ocrx_word' id='word_1_237' title='bbox 637 4223 739 4287; x_wconf 91' lang='lat' dir='ltr'>dei</span> <span class='ocrx_word' id='word_1_238' title='bbox 770 4221 986 4286; x_wconf 68' lang='grc' dir='ltr'>ο1111611</span> <span class='ocrx_word' id='word_1_239' title='bbox 1047 4223 1437 4287; x_wconf 87' lang='lat' dir='ltr'>formauerat</span> <span class='ocrx_word' id='word_1_240' title='bbox 1500 4223 1704 4305; x_wconf 73' lang='lat' dir='ltr'>adfixo</span> <span class='ocrx_word' id='word_1_241' title='bbox 1767 4227 2037 4289; x_wconf 87' lang='lat' dir='ltr'>seruicio</span> <span class='ocrx_word' id='word_1_242' title='bbox 2102 4225 2339 4289; x_wconf 88' lang='lat' dir='ltr'>diuinis</span> <span class='ocrx_word' id='word_1_243' title='bbox 2402 4226 2722 4309; x_wconf 92' lang='lat' dir='ltr'>percolens</span> <span class='ocrx_word' id='word_1_244' title='bbox 2769 4229 3023 4292; x_wconf 74' lang='lat' dir='ltr'>honores</span> 
     </span>
     <span class='ocr_line' id='line_1_34' title="bbox 635 4309 3021 4420; baseline 0.004 -28"><span class='ocrx_word' id='word_1_245' title='bbox 635 4331 774 4413; x_wconf 90' lang='lat' dir='ltr'>ipso</span> <span class='ocrx_word' id='word_1_246' title='bbox 821 4348 954 4391; x_wconf 89' lang='lat' dir='ltr'>sese</span> <span class='ocrx_word' id='word_1_247' title='bbox 1002 4327 1230 4392; x_wconf 89' lang='lat' dir='ltr'>solatio</span> <span class='ocrx_word' id='word_1_248' title='bbox 1278 4328 1582 4391; x_wconf 75' lang='lat' dir='ltr'>couciubat</span> <span class='ocrx_word' id='word_1_249' title='bbox 1627 4309 1773 4408; x_wconf 63' lang='lat' dir='ltr'>(bt).</span> <span class='ocrx_word' id='word_1_250' title='bbox 1823 4328 1946 4393; x_wconf 79' lang='lat' dir='ltr'>Sed</span> <span class='ocrx_word' id='word_1_251' title='bbox 1992 4330 2353 4396; x_wconf 89' lang='lat' dir='ltr'>thrassillus</span> <span class='ocrx_word' id='word_1_252' title='bbox 2399 4352 2694 4420; x_wconf 86' lang='lat' dir='ltr'>praeceps</span> <span class='ocrx_word' id='word_1_253' title='bbox 2735 4332 3021 4418; x_wconf 89' lang='lat' dir='ltr'>alioquin</span> 
     </span>
     <span class='ocr_line' id='line_1_35' title="bbox 640 4433 1898 4517; baseline -0.002 -18"><span class='ocrx_word' id='word_1_254' title='bbox 640 4438 704 4499; x_wconf 89' lang='lat' dir='ltr'>et</span> <span class='ocrx_word' id='word_1_255' title='bbox 752 4433 828 4497; x_wconf 91' lang='lat' dir='ltr'>de</span> <span class='ocrx_word' id='word_1_256' title='bbox 873 4435 1011 4517; x_wconf 91' lang='lat' dir='ltr'>ipso</span> <span class='ocrx_word' id='word_1_257' title='bbox 1056 4434 1315 4498; x_wconf 90' lang='lat' dir='ltr'>nomine</span> <span class='ocrx_word' id='word_1_258' title='bbox 1364 4436 1743 4499; x_wconf 87' lang='lat' dir='ltr'>temerarius</span> <span class='ocrx_word' id='word_1_259' title='bbox 1791 4441 1898 4497; x_wconf 76' lang='lat' dir='ltr'>cet.</span> 
     </span>
    </p>
   </div>
  </div>
 </body>
</html>
