3351 5463
680 373 808 439 110
1614 390 2113 473 ms'rornmns.

1628 564 2105 621 ΔῙΟΝΤΣΟΣ.

1036 662 1099 726 τί
1144 661 1254 744 [δ’]
1302 659 1469 738 ἔστω

1668 776 2066 836 ΞΑΝΘΙΑΣ.

1153 899 1161 907 “
1220 873 1445 951 θάρρει·
1498 871 1686 936 πάντ’
1734 873 1952 949 ἀγαθὰ
2003 871 2426 950 πεπράγαμεν
2473 874 2602 936 κτὲ.

676 978 912 1044 Omnes
960 981 1262 1042 novimus
1308 978 1557 1055 locum,
1607 999 1802 1062 quem
1848 978 2211 1064 Hegelochi
2253 978 2618 1056 „mustela”
2659 976 2774 1043 illa
2811 977 3064 1043 clarum

671 1084 967 1149 reddidit.
1033 1084 1257 1162 Quem·
1281 1086 1500 1147 iocum
1548 1082 1706 1147 dum
1753 1083 1961 1147 rident
2005 1086 2418 1168 interpreteS,
2469 1104 2731 1149 versum
2781 1083 2910 1148 301
2961 1106 3066 1149 ac-

674 1194 889 1254 curate
950 1188 1262 1273 explicare
1316 1187 1757 1273 neglexerunt.
1822 1187 2114 1253 Kockius
2161 1195 2376 1253 tamen
2425 1192 2623 1254 sensit
2669 1210 2796 1254 non
2845 1192 3068 1254 omnia

671 1297 778 1360 hic
826 1316 960 1359 esse
1005 1297 1371 1378 perspicua,
1422 1298 1808 1379 quapropter
1845 1294 2040 1377 verba
2078 1295 2544 1379 transponendo
2584 1294 2799 1360 locum
2839 1316 3065 1360 sanare

673 1401 944 1465 studuit.
1015 1400 1413 1484 Reputemus
1478 1402 1688 1485 igitur
1752 1398 1901 1482 quid
1969 1406 2200 1485 agatur
2260 1420 2448 1464 nunc.
2514 1399 2811 1465 Timidus
2878 1401 3061 1478 deus,

674 1529 865 1592 quem
900 1507 1224 1571 -festivum
1272 1508 1668 1589 mancipium
1715 1505 1880 1569 fictis
1929 1504 2229 1590 periculis
2276 1512 2621 1590 perterret,
2673 1509 2900 1571 anxius
2948 1508 3073 1571 cir—

676 1614 1017 1697 cumspicit
1079 1632 1202 1695 quo
1258 1614 1457 1696 possit
1510 1611 1852 1695 confugere
1899 1616 1964 1674 et
2011 1632 2122 1695 per
2165 1612 2310 1688 iter,
2361 1611 2530 1696 quod
2574 1614 2876 1677 monstris
2921 1613 3076 1676 hor-

674 1716 885 1782 rendis
947 1716 1324 1781 infestatum
1383 1716 1619 1793 credit,
1683 1737 1947 1801 pergere
1993 1722 2263 1781 recusat.
2328 1716 2728 1803 Quapropter
2777 1717 2932 1781 dicit
2977 1717 3068 1780 ad

676 1840 973 1890 servum:
1037 1820 1113 1885 ἴθ’
1181 1818 1327 1901 ᾗπερ
1378 1818 1579 1899 ἔρχει,
1619 1844 1808 1902 per-,qe
1852 1823 2055 1898 modo,
2105 1842 2253 1885 nam
2303 1824 2474 1899 eius,
2525 1844 2654 1886 non
2701 1821 3026 1886 Xanthiae
3050 1869 3069 1898 ‚

675 1930 781 1991 cui
839 1930 907 1991 in
970 1926 1291 1991 codicibus
1352 1927 1750 2003 tribuuntur,
1814 1928 1968 1991 haec
2029 1932 2180 1991 sunt
2243 1928 2454 1992 verba.
2527 1926 2693 1991 Dein
2742 1926 3071 1991 Xanthias

676 2031 853 2097 solus
913 2030 1375 2116 aliquantisper
1437 2031 1722 2116 procedit
1783 2037 1846 2095 et
1891 2051 2044 2096 mox
2092 2033 2324 2097 herum
2371 2032 2450 2097 ad
2498 2053 2564 2098 se
2611 2038 2804 2098 vocat
2850 2032 3075 2097 verbis

676 2137 841 2213 δεῦρο
891 2136 1088 2214 δεῦρο,
1138 2136 1253 2198 hue
1296 2138 1381 2199 ad
1422 2159 1511 2199 me
1556 2136 1727 2213 veni,
1777 2159 1808 2200 o
1857 2137 2028 2214 here,
2079 2138 2314 2201 nullum
2361 2138 2515 2201 enim
2563 2139 2686 2202 iam
2723 2138 2794 2201 in
2833 2137 2938 2201 via
2975 2144 3075 2200 est

664 2242 1026 2325 peric-ubam.
1075 2240 1281 2304 Aliter
1326 2240 1762 2305 distribuenda
1805 2243 2034 2326 igitur,
2083 2263 2208 2307 non
2258 2243 2444 2308 aliter
2493 2242 2840 2309 ordinanda
2885 2247 3075 2310 erant

678 2348 875 2483 verba
921 2345 1173 2411 tradita.

770 2558 875 2625 Vs.
932 2558 1101 2626 1184
1127 2582 1259 2647 sqq.
1325 2510 1682 2647 Aeschylus
1743 2559 2036 2646 perhibet
2097 2560 2416 2648 Oedipum
2477 2562 2556 2628 ab
2601 2562 2907 2648 Euripide
2955 2562 3074 2628 ab·

681 2666 869 2731 surde
915 2670 984 2731 τὸ
1035 2674 1262 2746 πρῶτον
1312 2668 1644 2744 εὐδαίμονα
1698 2667 1892 2731 fuisse
1940 2667 2221 2747 dictum,

1131 2771 1332 2839 eumd
1384 2801 1461 2852 γε
1509 2776 1645 2856 πρὶν
1693 2780 1887 2855 φῦναι
1937 2775 2050 2849 μὲν
2099 2775 2424 2840 Απόλλων
2475 2776 2598 2855 ἔφη

1133 2882 1491 2944 ἀποκτενεῖν
1539 2882 1640 2943 τὸν
1687 2882 1934 2957 πατέρα
1986 2881 2124 2956 πρὶν
2173 2883 2277 2945 καὶ
2327 2883 2686 2958 γεγονέναι·

1133 2992 1261 3055 πῶς
1310 2982 1481 3056 οὗτος
1529 2983 1595 3057 ἦν
1642 2985 1710 3048 τὸ
1762 2992 1992 3063 πρῶτον
2040 2987 2346 3063 εὐδαίμων
2396 2990 2580 3068 ἀνήῃ

680 3093 767 3155 At
828 3091 1035 3156 mult-0
1094 3093 1359 3176 gravius
1424 3112 1617 3175 quam
1681 3097 1834 3155 sunt
1895 3111 2057 3176 quae
2119 3092 2371 3157 aemulo
2419 3095 2795 3177 exprobrat,
2845 3095 2912 3157 in
2959 3093 3072 3157 his

678 3198 891 3262 verbis
937 3203 1269 3281 peccatum
1316 3199 1640 3261 commisit
1686 3197 2081 3282 Aeschylus,
2133 3200 2188 3261 si
2229 3204 2374 3282 post
2414 3199 2548 3277 πρὶν
2590 3205 2781 3274 <ovum
2817 3199 3075 3263 addidit

681 3304 814 3381 πρὶν
882 3303 985 3365 καὶ
1050 3302 1408 3379 γεγονέναι,
1472 3323 1621 3365 nam
1686 3305 1916 3366 misere
1979 3303 2134 3367 haec
2194 3302 2524 3391 languent.
2591 3305 2714 3368 Sed
2771 3307 2826 3368 si
2875 3302 3075 3368 aliter

682 3408 1058 3473 dividuntur
1117 3410 1277 3492 qua'e
1341 3408 1571 3472 tradita
1638 3410 1999 3491 accepimus
2017 3457 2033 3485 ,
2098 3412 2338 3475 comico
2400 3410 2711 3496 condigna
2756 3410 2922 3473 mihi
2971 3411 3074 3475 vi-

683 3515 930 3578 dentur.
980 3512 1373 3578 Scribamus:

1641 3627 2107 3684 ΛΙΣΧΤΛΟΣ.

1131 3719 1337 3786 ὅντινά
1383 3747 1462 3799 γε
1513 3723 1647 3800 πρὶν
1694 3727 1887 3803 φῦναι
1937 3725 2049 3800 μὲν
2104 3724 2432 3798 Ἀπόλλων
2482 3725 2603 3805 ἔφη

1134 3829 1491 3892 ἀποκτενεῖν
1540 3828 1642 3891 τὸν
1691 3828 1936 3906 πατέρα
1986 3866 2071 3878 —-

1362 3923 1369 3930 ’
1651 3943 2103 4000 ΔΙΟΝΤΣΟΣ
2153 3941 2394 4015 (secum
2439 3935 2770 4022 loquens.)

1948 4041 2082 4119 πρὶν
2132 4042 2234 4105 και
2282 4041 2644 4120 γεγονέναι;

1637 4153 2106 4210 ΑΙΣΧΥΛΟΣ.

1134 4256 1261 4322 πῶς
1309 4245 1569 4322 οὔτας’
1535 4274 1601 4321 ην
1646 4249 1716 4312 τὸ
1766 4256 1996 4326 πρῶτον
2044 4251 2351 4327 εὐδαίμων
2398 4254 2581 4330 ἀνήῃ

676 4356 1005 4442 Dionysus
1065 4356 1259 4420 verba
1321 4357 1457 4434 πρὶν
1516 4359 1712 4435 φῦναι
1773 4375 1902 4419 non
1960 4356 2038 4421 ab
2088 4355 2209 4434 ἔφη
2261 4356 2369 4422 sed
2416 4358 2494 4422 ab
2542 4357 2864 4422 infinitivo
2916 4359 3073 4421 ἄπο-

680 4471 910 4529 κτενεῒν
973 4483 1275 4546 suspensa
1320 4483 1469 4549 esse?
1501 4466 1691 4546 putat
1743 4460 1849 4527 vel
1895 4463 2100 4527 iocose
2148 4463 2370 4550 fingit:
2418 4463 2488 4527 in
2529 4464 2768 4544 satisne
2817 4472 2950 4528 erat
2996 4473 3070 4528 ut
