3351 5463
0 4794 7 5272 —ae-——v-ffi—ff-v——-
0 4726 3 4768 “⁴
0 4628 1 4661 ⁴⁴
0 4588 1 4595 1

1018 939 1134 1021 AD
1178 941 1471 1021 VIR-UM
1518 940 2122 1021 CLARISSIMUM
2170 946 2235 1019 S.
2284 946 2363 1019 A.
2415 944 2708 1020 NABER

840 1127 982 1216 DE
1036 1126 1294 1216 Loco
1354 1065 1911 1217 olcERole
1969 1124 2888 1215 INTERPRETANDO.

1754 1360 2002 1401 sompsrr

1483 1543 1535 1609 Ι.
1583 1542 1678 1609 Μ.
1726 1542 1784 1609 J.
1833 1541 2250 1607 VALETON.

1679 1835 2068 1871 -ο-οσ-υω-οωο-

774 2086 943 2155 Oum
1004 2109 1266 2174 quaeras
1282 2138 1299 2170 ‚
1365 2086 1627 2173 Collega
1675 2089 2200 2159 aestimatissime
2216 2135 2233 2165 ,
2281 2108 2394 2152 cur
2439 2088 2602 2153 hanc
2636 2082 3062 2172 ‘scriptionem

614 2241 619 2245 -
686 2193 765 2257 ad
812 2193 902 2258 Te
945 2196 1236 2259 miserim
1283 2191 1547 2277 Tuoque
1594 2195 1852 2257 nomine
1892 2198 2182 2257 ornatam
2217 2192 2563 2257 lectoribus
2603 2191 3060 2277 Mnemosynen

685 2319 1032 2383 proponere
1093 2298 1415 2365 voluerim
1436 2345 1451 2375 ‚
1516 2297 1649 2363 noli
1710 2298 1960 2363 credere
2022 2318 2280 2363 causam
2343 2319 2476 2363 esse
2524 2297 2932 2383 repetendam
2980 2317 3060 2361 ex

684 2403 899 2488 aliqua
962 2424 1109 2493 mea
1168 2405 1245 2469 de
1297 2406 1434 2469 eius
1490 2406 1742 2467 meritis
1801 2406 2096 2489 opinione
2112 2450 2128 2481 ,
2190 2406 2371 2488 quasi
2433 2403 2754 2467 doctrinae
2801 2401 3060 2487 aliquod

682 2509 905 2575 lumen
966 2512 1034 2573 in
1094 2530 1167 2574 ea
1226 2511 1429 2573 inesse
1475 2510 1759 2593 putarim
1823 2508 1991 2593 quod
2045 2507 2134 2573 ΤΘ
2181 2507 2442 2593 Tuaque
2488 2509 2728 2573 eximia
2773 2507 3061 2572 doctrina

681 2618 1020 2701 praecipue
1101 2615 1375 2701 dignum
1444 2619 1629 2679 esset.
1715 2612 1838 2678 Sed
1908 2616 2082 2678 enim
2152 2634 2348 2698 prope
2419 2614 2596 2679 adest
2664 2613 2797 2678 dies
2853 2633 3061 2699 quem

576 2728 587 2739 '
682 2744 796 2787 nos
855 2743 1074 2787 omnes
1136 2722 1329 2786 amici
1390 2724 1453 2784 et
1514 2719 1928 2784 admiratores
1998 2718 2122 2784 'I'ui
2183 2741 2331 2784 cum
2385 2726 2572 2806 grata
2632 2718 3060 2784 recordatione

684 2827 1061 2892 celebraturi
1122 2847 1347 2890 sumus
1368 2873 1384 2904 ,
1434 2847 1559 2910 quo
1603 2824 1970 2890 absolvetur
2015 2828 2296 2912 spatium
2343 2829 2582 2912 viginti
2630 2829 2908 2911 quinque
2959 2847 3061 2890 an-

682 2953 911 2997 norum
960 2953 1038 2998 ex
1084 2952 1206 3016 quo
1250 2951 1489 2995 munus
1536 2930 1914 2995 Professoris
1953 2932 2318 2997 Academici
2358 2934 2581 2996 iniisti.
2624 2930 2806 2996 Nihil
2841 2936 3062 2996 autem

683 3040 895 3122 aptius
941 3037 1105 3101 mihi
1156 3035 1492 3101 videbatur
1541 3056 1664 3120 quo
1702 3041 1969 3101 testarer
2014 3036 2158 3101 Tibi
2208 3040 2500 3101 animum
2547 3057 2768 3102 meum
2817 3037 3064 3101 devinc-

682 3148 827 3206 tum
846 3190 862 3219 ,
912 3163 1105 3227 quam
1143 3148 1218 3205 ut
1261 3142 1432 3205 hunc
1474 3141 2008 3227 qualemcumque
2045 3163 2337 3207 meorum
2376 3141 2739 3207 studiorum
2778 3142 3061 3208 fructum

682 3249 751 3311 in
812 3268 961 3312 eum
1024 3247 1190 3311 diem
1256 3245 1402 3310 Tibi
1448 3246 1804 3312 dedicarem
1853 3253 1916 3312 et
1964 3248 2218 3333 publice
2265 3248 2343 3312 ad
2390 3247 2478 3312 'Pe
2526 3251 2872 3314 mitterem.
2922 3246 3060 3326 Quo

680 3352 952 3438 parvulo
1018 3373 1278 3416 munere
1332 3352 1451 3416 hoc
1496 3354 1794 3437 inprimis
1844 3352 2280 3438 significatum
2325 3352 2621 3417 volebam
2640 3401 2657 3429 ,
2704 3352 2951 3417 laetum
3001 3358 3065 3417 et

681 3465 974 3544 optatum
1034 3458 1200 3522 1111111
1263 3479 1395 3523 esse
1458 3459 1632 3522 diem
1687 3457 1902 3522 Tuum
1943 3459 2180 3523 festum
2227 3480 2353 3523 non
2399 3465 2662 3544 propter
2707 3461 3059 3523 amicitiam

682 3562 891 3626 solum
952 3568 1017 3626 et
1078 3560 1585 3632 benevolentiam
1647 3561 1855 3628 Tuam
1914 3564 2132 3628 crebro
2180 3565 2511 3648 probatam
2533 3611 2549 3640 ,
2600 3564 2674 3628 de
2721 3583 2848 3648 qua
2893 3564 3060 3648 quod
3142 3634 3146 3638 ,

680 3669 749 3731 111
810 3669 1022 3731 animo
1086 3671 1183 3731 est
1236 3667 1355 3731 hoc
1414 3665 1551 3731 loco
1617 3667 1823 3731 dicere
1890 3689 1968 3731 ne
2031 3669 2300 3732 conabor
2363 3668 2656 3753 quidem,
2706 3667 2814 3733 sed
2861 3670 3058 3732 etiam

679 3775 943 3857 propter
1004 3775 1395 3836 incrementa
1454 3792 1617 3856 quae
1681 3772 1892 3835 studia
1958 3793 2101 3837 mea
2161 3775 2402 3858 cepisse
2447 3772 2719 3838 libenter
2762 3772 3063 3837 confiteor

681 3897 759 3941 ex
820 3876 1274 3941 consuetudine
1338 3897 1461 3960 qua
1520 3898 1637 3961 per
1697 3877 1973 3941 sedecim
2031 3898 2257 3956 annos,
2306 3879 2536 3964 quibus
2581 3881 2765 3942 iuxta
2811 3877 2900 3942 Te
2944 3879 3062 3942 hos

678 3981 923 4045 labores
983 3982 1391 4046 Academicos
1453 3982 1583 4045 obii
1601 4030 1618 4058 ,
1681 3981 1920 4046 Tecum
1967 3985 2224 4047 iunctus
2269 3985 2384 4047 fui.
2434 3983 2556 4048 Sed
2601 4003 2749 4047 cum
2795 4003 2873 4046 ne
2920 4004 3060 4048 eam

682 4075 938 4170 quidem
1003 4108 1139 4150 rem
1200 4086 1492 4171 pluribus
1557 4090 1853 4172 persequi
1915 4110 2083 4152 nunc
2143 4091 2415 4173 possim,
2471 4088 2638 4153 illud
2682 4096 2896 4152 tamen
2942 4089 3060 4152 hoc

679 4190 817 4255 loco
878 4211 1005 4254 non
1069 4193 1358 4275 tetigisse
1418 4191 1657 4268 nolim,
1721 4191 1885 4255 nihil
1947 4193 2094 4277 plus
2148 4193 2424 4258 valuisse
2486 4195 2565 4257 ad
2597 4194 3058 4279 'procreandam

681 4295 1031 4360 utilitatem
1080 4316 1271 4379 quam
1319 4317 1397 4360 ex
1445 4296 1583 4361 'I'ua
1620 4297 2076 4362 consuetudine
2116 4306 2530 4384 perceperunt
2570 4321 2718 4363 cum
2757 4320 2877 4386 ego
2915 4304 3057 4364 tum

680 4400 877 4465 multi
922 4403 1051 4465 viri
1098 4401 1268 4464 docti
1305 4401 1574 4466 diversis
1613 4403 1978 4467 studiorum
2017 4406 2358 4490 generibus
2383 4404 2654 4486 addicti,
2683 4424 2877 4489 quam
2902 4405 3054 4481 hoc,
