3351 5463
664 372 797 438 332
1290 419 1323 458 n.
1600 391 2102 441 Amsrornms.

661 557 856 622 fuerit
872 603 890 634 ,
947 556 1252 621 hactenus
1312 561 1482 622 certe
1544 557 1768 622 beatus
1813 563 1912 623 est
1957 557 2418 643 praedicandus
2464 559 2638 644 quod
2682 580 2812 625 non
2859 559 3052 624 dimi·

662 664 903 731 caverit
945 662 1026 728 ad
1072 663 1429 749 Arginusas
1474 662 1755 728 insulas:

1113 769 1252 833 οὐκ
1301 768 1760 848 {orpora-byns&
1808 793 1886 846 ys
1935 771 2079 846 μετ’
2125 770 2521 851 Ἐρασινίδου.

658 873 831 939 Inter
874 873 1125 940 litteras
1174 883 1533 954 ΟΤΚΕο-τρ.
1579 879 1647 939 et
1699 883 2060 954 ΕΙΚΛΙο-τρ.
2111 877 2224 940 vix
2272 878 2618 962 quicquam
2662 878 2952 941 interest.

755 1088 856 1154 Ad
878 1108 976 1154 vs.
1005 1086 1203 1153 1296.
1245 1124 1332 1136 —
1373 1086 1732 1153 Versiculos
1755 1087 2002 1172 aliquot
2025 1109 2060 1153 e
2083 1090 2346 1154 canticis
2368 1086 2678 1175 Aeschyli
2699 1091 3053 1172 excerptos,

664 1195 777 1278 qui
836 1192 1001 1257 nihil
1060 1195 1229 1257 inter
1292 1213 1359 1257 se
1419 1192 1656 1257 habent
1703 1213 2044 1258 commune
2089 1194 2218 1256 nisi
2263 1192 2432 1278 quod
2477 1191 2720 1257 eisdem
2763 1193 3054 1256 numeris

664 1299 1003 1382 compositi
1065 1301 1216 1362 sunt
1280 1314 1499 1361 omnes
1559 1296 1944 1381 eosdemque
2004 1296 2228 1362 modos
2287 1299 2570 1362 musicos
2614 1297 2917 1362 habuisse
2960 1297 3057 1360 vi-

666 1402 918 1480 dentur,
982 1400 1361 1486 perridicule
1422 1403 1592 1466 inter
1654 1422 1723 1466 se
1779 1404 1996 1487 iungit
2039 1401 2380 1487 Euripides
2394 1449 2410 1479 ,
2459 1407 2662 1486 utque
2707 1403 3054 1466 accinentis

666 1508 945 1573 citharae
994 1543 1077 1555 —
1127 1506 1545 1585 κιθαρῳδικοὺς
1608 1509 1782 1571 enim
1837 1505 2146 1592 Aeschyli
2192 1506 2408 1583 νόμους
2456 1513 2580 1587 (vs.
2634 1504 2838 1586 1282)
2883 1527 3052 1570 nunc

666 1613 870 1697 carpit
931 1648 1017 1660 —
1068 1613 1363 1676 imitetur
1410 1632 1642 1677 sonum
1658 1660 1675 1690 ‚
1723 1611 2006 1698 singulis
2049 1613 2343 1678 versibus
2388 1612 2730 1698 subiungit
2771 1617 3056 1691 φλαττο-

667 1715 1321 1798 θραττοφλαττόθρατ.
1366 1717 1550 1797 Quod
1588 1721 1929 1803 postquam
1967 1717 2305 1802 aliquoties
2341 1719 2603 1782 iteravit
2619 1765 2638 1794 ‚
2676 1715 3076 1802 indignatus.

667 1823 992 1909 Dionysus
1038 1822 1119 1887 ad
1163 1823 1560 1910 Aeschylum
1609 1822 1799 1889 dicit:
1846 1824 2292 1906 „phlattothmt
2326 1823 2495 1886 istud
2530 1821 2682 1907 quid
2714 1821 2834 1886 sibi
2871 1822 3004 1884 vult
3017 1821 3056 1883 .?

1929 1929 1995 1994 ἐκ
2044 1929 2418 2007 Μαραθῶνος
2467 1929 2500 2004 ἢ

1212 2034 1392 2100 πόθεν
1436 2031 1770 2109 ξυνέλεξας
1819 2032 2282 2116 ἱμονιοστρόφου
2328 2034 2528 2112 μέλπῃ

668 2139 797 2206 Hic
841 2159 1066 2225 operae
1100 2142 1387 2225 pretium
1424 2146 1521 2204 est
1560 2140 1891 2206 consulere
1933 2139 2174 2206 scholia
2190 2189 2208 2217 ‚
2249 2162 2379 2206 non
2415 2145 2635 2205 tamen
2672 2159 2798 2224 quo
2821 2159 3058 2204 verum

667 2246 796 2311 loci
858 2266 1120 2311 sensum
1180 2245 1728 2332 deprehendamus
1745 2294 1762 2323 ,
1813 2245 1922 2310 sed
1965 2253 2044 2311 ut
2088 2267 2475 2311 vesanorum
2517 2258 3052 2322 commentorum,

671 2373 831 2436 quae
892 2350 969 2417 de
1032 2373 1105 2416 eo
1166 2350 1413 2436 prolata
1474 2356 1624 2416 sunt
1640 2399 1657 2428 ,
1723 2350 1888 2417 clare
1949 2357 2251 2436 appareat
2313 2355 2516 2438 origo.
2582 2348 2785 2416 Gravi
2843 2353 3057 2435 igitur

669 2478 821 2523 voce
882 2457 1052 2521 docti
1110 2459 1487 2541 interpretes
1548 2457 1730 2522 nobis
1787 2463 2150 2523 asseverant
2195 2479 2348 2524 voce
2393 2456 2802 2538 φλαττοθρατ
2849 2455 3058 2520 alludi

671 2562 753 2627 ad
816 2583 1047 2627 nomen
1109 2561 1341 2627 herbae
1401 2562 1736 2627 cuiusdam
1794 2562 2103 2648 palustris
2165 2569 2278 2635 τῆς
2341 2561 2516 2643 φλέω
2581 2564 2718 2628 sive
2763 2560 3017 2641 Φλόμου
3035 2609 3052 2637 ,

670 2673 1012 2752 utramque
1060 2669 1232 2733 enim
1280 2688 1507 2734 vocem
1553 2688 1592 2733 a
1634 2667 1840 2733 literis
1875 2673 1972 2748 Φλ
2011 2669 2210 2734 ordiri
2227 2716 2243 2747 ,
2283 2670 2351 2734 in
2390 2668 2794 2734 Marathonis
2833 2672 3058 2733 autem

670 2776 914 2859 campis
951 2774 1237 2839 humidis
1277 2775 1564 2839 crebram
1601 2774 1798 2839 fuisse
1833 2773 2023 2839 illam
2059 2775 2345 2841 herbam.
2392 2775 2586 2840 Hisce
2624 2776 2820 2860 nugis
2843 2773 3056 2839 multo

668 2878 950 2943 melioris
996 2882 1180 2942 notae
1228 2879 1648 2963 subiungitur
1692 2878 2054 2945 observatio
2075 2927 2091 2957 ,
2138 2900 2297 2945 voce
2343 2879 2806 2960 ἱμονιοστρόφος
2857 2882 3056 2965 signi-

670 2982 845 3047 ficari
908 2980 1097 3061 ἄνδρα
1162 2980 1366 3047 ὕδατα
1428 2982 1773 3062 ἀρυόμενον,
1836 2987 1880 3049 1.
1909 3006 1964 3050 e.
2013 2988 2234 3051 virum
2281 2989 2394 3071 qui
2439 3006 2674 3071 aquam
2718 2986 2975 3050 hauriat
3022 3005 3057 3049 e

671 3093 866 3174 puteo
928 3108 1046 3171 ope
1108 3088 1249 3153 cadi
1306 3109 1340 3153 e
1386 3089 1537 3153 fune
1582 3092 1905 3175 suspensi;
1965 3092 2082 3156 hos
2126 3092 2418 3157 homines
2465 3091 2800 3157 cantilenis
2845 3089 3059 3156 taedia

672 3216 788 3260 sua
856 3193 1074 3259 fallere
1144 3193 1343 3260 solere
1361 3243 1377 3272 ,
1450 3193 1925 3261 Callimachum
1995 3204 2216 3263 autem
2284 3197 2601 3263 eiusmodi
2670 3196 3056 3262 cantilenam

673 3322 930 3367 vocasse
976 3302 1183 3376 ἱμαῑον
1227 3304 1296 3365 111
1341 3302 1655 3368 versiculo

1124 3408 1310 3472 ἀείδει
1362 3408 1472 3472 καί
1516 3407 1634 3472 πού
1684 3430 1778 3480 τις
1827 3409 1972 3486 ἀνὴρ
2021 3408 2331 3485 ὑδατηγὸς
2375 3411 2605 3487 ἱμαῖον.

672 3512 841 3592 Quid
885 3514 1267 3576 recentiores
1313 3512 1584 3577 editores
1620 3514 1843 3579 fecisse
1879 3511 2112 3599 putas?
2148 3513 2404 3579 Dixeris
2441 3535 2570 3579 una
2606 3534 2761 3579 voce
2801 3514 3061 3579 damna-

673 3622 851 3681 turos
912 3617 1108 3681 fuisse
1169 3615 1464 3681 notulam
1523 3621 1802 3702 priorem
1819 3667 1836 3697 ,
1901 3640 2096 3704 quam
2156 3622 2226 3684 in
2287 3619 2502 3685 lucem
2563 3618 2839 3705 protulit
2885 3616 3055 3683 male

673 3743 901 3787 sanum
950 3722 1119 3787 illud
1166 3722 1511 3805 veriloquii
1550 3722 1842 3791 studium
1858 3773 1876 3804 ,
1920 3724 2142 3791 sedulo
2189 3747 2341 3792 vero
2399 3747 2624 3790 usuros
2671 3728 3018 3810 posteriore
3037 3772 3054 3801 ,

674 3847 834 3911 quae
864 3859 871 3865 ·
902 3829 1077 3891 VOOiS
1147 3827 1603 3906 ἷμονῑοστρόφος
1670 3833 1930 3914 praebet
1991 3853 2213 3899 veram
2272 3834 2884 3916 interpretationem.
2969 3830 3057 3894 At

674 3936 895 3996 contra
954 3935 1085 3996 est:
1147 3930 1334 3996 illam
1394 3934 1706 3999 ambabus
1753 3936 2050 4001 manibus
2097 3938 2501 4021 arripuerunt
2519 3984 2536 4013 ,
2587 3937 2748 4015 hanc
2793 3937 2887 3999 ita
2931 3939 3058 3999 tor-

674 4042 897 4101 serunt
946 4040 1023 4099 ut
1081 4036 1353 4101 absurda
1414 4037 1561 4103 inde
1622 4039 2031 4124 profluerent.
2092 4041 2452 4107 Audiamus
2513 4040 2876 4106 Kockium:
2929 4060 3056 4117 „an

679 4142 831 4218 „der
892 4139 1253 4226 sumpfigen
1316 4140 1525 4207 Kiiste
1570 4165 1700 4209 von
1757 4144 2091 4207 Marathon
2135 4146 2354 4211 wuchs
2399 4148 2588 4225 (nach
2634 4144 2876 4226 Schol.)
2926 4144 3056 4212 viel

679 4245 931 4327 ,,φλέως
949 4294 966 4323 ,
1043 4267 1158 4310 aus
1234 4247 1545 4313 welchem
1616 4248 1774 4311 Seile
1839 4248 2110 4333 gedreht
2177 4252 2462 4317 wurden.
2538 4251 2754 4317 Daher
2821 4256 3056 4336 mogon

676 4353 789 4427 „in
836 4350 1177 4415 Marathon
1236 4352 1404 4417 viele
1468 4352 1658 4416 Seiler
1717 4354 2022 4439 gewohnt
2083 4356 2310 4421 haben.
2374 4356 2761 4421 Seilerlieder
2803 4358 3054 4422 heissen

680 4454 832 4533 „des
892 4454 1247 4540 Aeschylos
1310 4455 1763 4545 Ohorgesange
1824 4460 1963 4525 hier
2025 4460 2381 4547 deswegen,
2445 4462 2593 4528 weil
2641 4466 2733 4529 sie
2781 4484 2896 4527 aus
2943 4482 3054 4526 un-
