3351 5463
544 1003 1282 1096 EMENDANTUR
1342 939 1801 1096 scHom'A
1860 1004 2280 1095 GRAECA
2338 1003 2453 1094 IN
2512 1041 2568 1053 --
2695 1055 2700 1058 -

863 1142 1652 1234 ARISTOPHANIS
1714 1142 2100 1234 PAoEM.

1372 1379 1622 1420 SORIPSIT

1027 1561 1114 1627 H.
1164 1562 1340 1628 VAN
1387 1562 1966 1630 HERWERDEN.

1310 1866 1691 1902 —0400-—-

395 2123 563 2191 Cum
607 2147 811 2211 nuper
856 2123 1094 2190 scholia
1139 2125 1219 2189 ad
1263 2125 1498 2190 Pacem
1546 2123 1942 2210 explorarem
1990 2147 2062 2191 eo
2110 2125 2374 2192 consilio
2419 2131 2495 2191 ut
2541 2149 2690 2192 cum

307 2235 621 2315 experirer
684 2253 763 2296 an
820 2233 983 2297 forte
1033 2231 1187 2316 quid
1233 2230 1519 2296 nondum
1566 2232 1982 2298 observatum
2031 2233 2179 2297 inde
2225 2233 2508 2318 proferre
2555 2255 2695 2319 pos-

304 2358 439 2402 sem
500 2338 578 2403 ad
642 2340 872 2403 comici
934 2343 1191 2403 textum
1236 2339 1473 2402 rect-ius
1521 2338 2078 2415 constituendum,
2128 2344 2273 2403 tum
2319 2360 2472 2404 vero
2517 2360 2693 2425 prae-

303 2447 523 2510 sertim
569 2449 645 2509 ut
692 2467 767 2510 ex
805 2448 1123 2510 immensa
1159 2444 1277 2510 illa
1316 2448 1553 2510 veteris
1594 2443 1918 2510 doctrinae
1957 2446 2277 2532 farragine
2301 2466 2691 2512 secernerem

304 2572 739 2636 quaecumque
802 2552 880 2616 ab
942 2551 1393 2616 Alexandrinis
1437 2554 1531 2616 ita
1578 2552 1916 2617 observata
1963 2554 2095 2617 sint
2141 2559 2216 2616 ut
2263 2572 2692 2636 supervacuos

304 2657 565 2724 reddant
612 2661 1043 2724 recentiorum
1090 2660 1580 2722 commentarios
1600 2707 1616 2738 ‚
1664 2657 2020 2745 permultos
2066 2657 2241 2724 locos
2281 2677 2318 2723 a
2356 2657 2692 2724 Duebnero

300 2764 867 2852 neglegentissime
934 2765 1137 2831 editos
1207 2786 1405 2851 aeque
1475 2770 1805 2851 corruptos
1874 2766 2013 2830 vidi
2079 2766 2287 2831 afferri
2357 2765 2560 2831 solere
2622 2768 2694 2830 in

300 2870 731 2955 lepidissimae
778 2870 1031 2937 fabulae
1069 2871 1477 2936 editionibus.
1527 2871 1734 2951 Quare
1771 2893 1898 2937 non
1936 2871 2167 2936 inutile
2208 2892 2369 2957 opus
2407 2872 2692 2937 facturus

306 2978 471 3041 mihi
533 2978 775 3056 videor,
838 2981 894 3043 si
941 2977 1253 3063 quidquid
1302 2982 1417 3043 aut
1462 2981 1650 3043 certis
1699 2984 1811 3043 aut
1856 2978 2205 3043 admodum
2253 2978 2690 3063 probabilibus

305 3085 679 3149 coniecturis
728 3086 933 3148 sanari
979 3103 1162 3168 posse
1203 3084 1630 3148 animadverti
1668 3105 1818 3149 cum
1857 3082 2314 3169 Mnemosynes
2346 3082 2692 3148 lectoribus

310 3191 900 3256 communicavero.-

392 3408 873 3492 Argumentum
917 3410 969 3487 I,
1036 3429 1132 3477 vs.
1189 3407 1272 3474 13
1298 3428 1431 3495 sqq.
1481 3406 1579 3473 ed.
1626 3406 1844 3472 Didot.
1896 3409 2179 3486 κηρύττει
2229 3407 2372 3479 τοὺς
2423 3408 2694 3489 δημιουρ-

310 3511 491 3589 γούς,
564 3510 658 3579 ἔτι
724 3514 785 3578 δὲ
834 3514 937 3580 καὶ
990 3516 1290 3596 ἐμπόρους
1340 3511 1511 3591 ἅμα
1559 3513 1845 3605 μοχλοὺς
1894 3512 1997 3577 καὶ
2047 3514 2294 3592 σχοινία
2342 3513 2691 3592 λαβόντας.

312 3616 545 3683 Misere
592 3619 869 3685 abundat
915 3618 1095 3699 ἅμα,
1155 3622 1265 3686 sed
1311 3623 1779 3707 grammaticus
1826 3622 2164 3704 scripserat
2212 3618 2433 3697 ἄμας
2483 3621 2691 3701 (καὶ)

309 3724 587 3802 μοχλοὺς
652 3725 779 3790 κτὲ.
851 3724 947 3792 Cf.
1013 3727 1160 3792 Pac.
1226 3727 1359 3793 298
1423 3727 1644 3806 ἄμας
1709 3725 2021 3805 λαβόντες
2083 3727 2188 3791 κα)
2251 3726 2534 3807 μοχλοὺς
2585 3728 2690 3793 καὶ

312 3828 579 3909 σχοινία.
1660 3857 1666 3863 ·

398 3936 675 4020 Argum.
724 3936 803 4014 II,
856 3937 937 4001 14
1003 3944 1371 4016 κεκμηῶτας
1421 3938 1591 4018 (Ald.
1641 3937 2046 4022 κεκμηότας),
2094 3938 2224 4027 leg.
2276 3918 2691 4018 κεκμηκότας.

400 4150 479 4214 ad
543 4172 642 4215 vs.
692 4150 796 4229 83,
858 4153 971 4219 lin.
1024 4155 1108 4221 52
1174 4157 1568 4237 σοβαρῶς-τ
1634 4157 2047 4235 οεοοβημὲνος
2113 4158 2432 4243 [βαρέως]
2495 4161 2694 4227 Deleo

316 4252 846 4339 dittographema.

403 4359 483 4422 ad
529 4381 627 4424 vs.
673 4360 816 4441 125,
846 4363 924 4429 11
974 4368 1133 4439 τινὲς
1173 4369 1237 4434 δὲ
1274 4367 1501 4434 οἴονται
1543 4370 1609 4434 ἐκ
1651 4368 2142 4452 Βελλεροφόντου
2189 4395 2238 4436 π
2255 4396 2296 4437 α
2317 4395 2347 4452 ρ
2365 4398 2408 4455 ῳ
2425 4373 2459 4438 δ
2475 4380 2514 4448 ἥ
2532 4398 2571 4439 ο·
2589 4398 2632 4439 α
2651 4399 2690 4441 ι.

316 4463 489 4550 Lege
538 4468 947 4547 παρῳδῆσθ
968 4496 1065 4537 αι.
