3351 5463
1338 401 1657 450 stMArA.
2561 387 2691 455 3¹73

312 573 767 643 οἰκοῦντας’
812 570 886 634 ἐν
956 575 1141 641 ταῖς
1213 568 1543 640 οἰκίαις.
1615 567 1912 634 Ridicule
1980 569 2099 635 hoc
2165 569 2411 635 dictum
2475 575 2570 636 est
2631 575 2697 636 et

312 678 600 744 multum
668 675 952 763 praefero
1027 675 1089 738 οἰ
1110 695 1334 751 κουρο
1357 677 1552 737 ῦντα
1573 698 1623 745 ς.
1696 671 1934 740 Contra
1999 673 2168 740 male
2233 676 2353 740 hoc
2421 675 2694 742 verbum

310 787 594 866 οἰκουρεῖν
639 803 775 849 6666
821 781 1177 847 insinuavit
1210 782 1281 844 in
1322 777 1670 846 Clementis
1709 779 2128 846 Alexandrini
2164 785 2419 855 textum
2456 781 2692 847 Strom.

312 890 399 956 IV
436 914 501 977 p.
545 889 711 956 592:
766 888 874 963 ἤδη
921 891 1071 964 γοῦν
1116 887 1186 975 pei
1234 895 1531 963 γυναῖκες
1577 886 1744 950 οὐδὲν
1795 884 2057 950 ἔλαττον
2103 895 2220 951 τῶν
2269 888 2516 968 ἀρρένων
2556 889 2691 952 καὶ

309 999 767 1075 οἰκουροῦσι
816 993 920 1059 καί
973 992 1274 1073 θηρεύουσι
1322 991 1429 1056 καὶ
1479 994 1598 1063 τὰς
1649 993 1917 1069 ποίμνας
1956 993 2372 1072 φυλάττουσι.
2419 992 2578 1080 Egit
2619 994 2694 1059 de

306 1103 427 1169 hoc
470 1101 613 1168 1060
663 1099 941 1167 Cobetus
991 1099 1052 1162 ἐν
1100 1101 1181 1178 τῷ
1235 1098 1433 1179 Ἑρμῇ
1484 1098 1692 1178 Λογίῳ
1731 1117 1795 1183 p.
1837 1096 1970 1163 514
2010 1103 2074 1163 et
2110 1103 2448 1183 postquam
2490 1103 2697 1164 osten—

309 1209 404 1273 dit
474 1206 759 1274 alienum
826 1225 963 1272 esse
1033 1204 1305 1272 verbum
1365 1199 1667 1284 οἰκουρεῒν,
1735 1205 1949 1269 πολλὰ
2011 1203 2108 1283 δέ,
2172 1206 2418 1289 inquit,
2483 1205 2695 1283 μοίτην

306 1313 587 1397 ζητήσας
648 1313 717 1378 τὸ
783 1315 861 1378 ἑν-
904 1312 987 1392 τῷ
1050 1311 1443 1389 οἰκουρεῖν
1506 1307 1917 1389 κεκρυμμένον
1983 1310 2248 1386 τάληθὲς
2297 1311 2536 1390 ἐρευνᾶν
2586 1310 2690 1376 καὶ

306 1417 650 1501 ἀνιχνεύειν
712 1417 929 1489 ἄλλοις
977 1417 1260 1495 παρίημι.
1322 1415 1456 1482 Ν66
1500 1421 1719 1480 tamen
1765 1417 1959 1481 nimis
2003 1415 2405 1482 reconditum
2452 1419 2691 1483 vitium

306 1531 435 1592 est:
500 1524 802 1591 mulieres
864 1522 1177 1608 quaedam
1234 1543 1363 1586 non
1409 1524 1625 1588 minus
1673 1542 1869 1607 quam
1914 1524 2042 1588 viri
2091 1546 2177 1595 κη
2197 1524 2389 1602 ποὺρ
2408 1546 2435 1588 ο
2454 1527 2488 1588 ὖ
2508 1546 2581 1596 σι
2629 1530 2694 1590 et

306 1653 539 1718 aquam
607 1652 733 1697 non
800 1631 935 1694 sine
995 1649 1231 1715 magno
1292 1627 1505 1694 labore
1565 1630 1633 1692 in
1697 1628 1965 1692 hortum
2027 1628 2348 1708 derivant,
2414 1649 2564 1694 nam
2623 1631 2693 1695 in

305 1737 609 1824 Aegypto
657 1736 812 1801 haec
858 1737 1093 1820 scripta
1137 1735 1418 1800 fuerunt.
1691 1767 1727 1806 ⁸

392 1838 593 1909 CXX.
663 1841 823 1906 Ibid.
873 1839 980 1905 VI.
1032 1838 1207 1904 5.15
1272 1840 1349 1904 de
1410 1837 1712 1924 Agesilao
1772 1844 2111 1924 postquam
2163 1838 2242 1904 ad
2289 1839 2691 1908 Mantineam
2815 1855 2830 1862 ’

304 1950 632 2032 pervenit,
700 1949 794 2012 ita
860 1945 1177 2032 legimus.
1250 1943 1355 2009 καὶ
1428 1944 1602 2009 ἐκεῖ
1666 1940 1841 2019 ἅμα
1902 1944 2072 2026 ἐδῄου
2136 1947 2246 2020 την
2307 1947 2516 2026 χώραν
2580 1949 2684 2012 καί

302 2052 534 2133 ἐπόρθει
598 2052 738 2124 τους
799 2053 1050 2131 ἀγρούς.
1112 2049 1256 2118 Non
1316 2051 1532 2116 minus
1594 2049 1864 2116 absurde
1927 2050 2056 2114 ἐκεῖ
2111 2051 2215 2115 1116
2260 2053 2544 2136 positum
2592 2058 2688 2119 est

304 2179 497 2244 quam
560 2156 725 2236 ἅμα.
787 2157 955 2238 Quid
1014 2177 1243 2224 verum
1304 2158 1423 2234 sit,
1489 2156 1846 2222 existimari
1907 2158 2142 2240 poterit
2187 2177 2266 2220 ex
2311 2155 2418 2222 VI.
2469 2157 2531 2224 5.
2556 2157 2682 2226 27:

303 2261 503 2330 ἔκαιον
569 2264 675 2329 καὶ
738 2263 1015 2344 ἐπόρθουν
1071 2268 1135 2328 et
1182 2263 1361 2328 brevi
1406 2266 1584 2349 post:
1635 2261 1888 2334 κοίοντες
1935 2260 2039 2342 καὶ
2065 2262 2479 2346 πορθοῦντες,
2524 2255 2686 2330 1156111

304 2369 407 2436 VI.
460 2369 523 2435 5.
552 2368 673 2436 3¹7:
736 2368 844 2434 καὶ
908 2368 1117 2447 δένδρα
1182 2368 1558 2448 ἐκκεκόφασι
1610 2366 1715 2432 καὶ
1765 2367 1960 2440 οἰκίας
2008 2368 2526 2436 κατακεκαύκασι
2575 2369 2682 2435 καὶ

304 2476 614 2555 χρήματα
655 2473 1031 2554 διηρπάκασι
1070 2479 1137 2539 et
1174 2472 1329 2540 alibi
1366 2471 1694 2551 similiter,
1727 2472 1895 2538 unde
1933 2490 2263 2618 reponam.
2306 2475 2408 2540 καὶ
2451 2473 2688 2541 ἔκαεν

304 2582 440 2647 καὶ
493 2581 664 2663 ἐδῄου
711 2582 821 2655 την
865 2582 1095 2661 χώραν.
2626 2601 2660 2609 ··
2748 2648 2756 2656 ,

392 2685 627 2755 CXXI.
697 2685 859 2754 Ibid.
910 2685 1015 2751 VI.
1066 2683 1129 2751 5.
1159 2683 1281 2751 38;
1344 2690 1463 2751 τῶν
1508 2684 1637 2765 γαρ
1683 2682 1890 2751 ἄλλων
1939 2684 2156 2762 μόνους
2203 2681 2280 2753 ἄν
2331 2687 2498 2765 ὑμᾶς
2544 2686 2686 2755 οἷον·

299 2816 405 2859 ται
468 2792 740 2869 ἐμποδὼν
793 2791 1078 2872 γενέσθαι
1129 2796 1237 2857 τοῦ
1287 2789 1470 2872 αρξαι
1520 2790 1748 2869 αὐτοὺς
1794 2797 1916 2857 τῶν
1960 2794 2292 2869 Ἐλληνων.
2337 2793 2545 2859 Miror
2592 2816 2686 2863 ac-

298 2900 665 2965 cusativum
711 2920 949 2965 casum.

388 3003 650 3072 CXXII.
717 3004 877 3071 Ibid.
919 3004 1005 3069 VI
1046 3002 1108 3071 5.
1137 3001 1259 3071 472
1311 3004 1574 3085 σχόντες
1617 3006 1725 3078 τὴν
1765 3004 2113 3085 Εὐρυσθέως
2151 3001 2321 3087 ὕβριν
2348 3004 2680 3071 διεσώσατε

296 3111 439 3184 τοὺς
488 3112 860 3191 Ἡρακλέους
906 3112 1165 3183 παῖδας.
1214 3109 1427 3177 Malo:
1478 3109 1555 3175 ἵσ
1568 3133 1667 3191 χο
1692 3134 1894 3183 ντες.

390 3216 685 3285 CXXIII.
755 3216 916 3283 Ibid.
965 3216 1096 3289 VII,
1143 3217 1203 3281 1.
1235 3214 1357 3283 1¹7:
1415 3216 1545 3295 ἐξὸν
1585 3218 1668 3297 τῷ
1711 3217 2099 3297 πολεμάρχῳ
2145 3214 2496 3296 λαβόντι
2547 3214 2682 3283 ὃπο-

299 3346 439 3396 σους
488 3321 779 3401 ἐβούλετο
827 3322 1122 3402 κατέχειν
1174 3321 1242 3385 τὸ
1290 3324 1529 3402 χωρίον.
1578 3320 1754 3387 Imo:
1806 3321 2202 3402 λαβόντα.
2408 3372 2412 3377 .

394 3428 681 3497 CXXIV.
743 3430 905 3497 Ibid.
956 3429 1093 3496 VII.
1130 3427 1364 3494 '1.23=
1415 3428 1972 3507 ἐγγενόμενος
2020 3426 2084 3491 δέ
2132 3448 2227 3500 τις
2278 3426 2679 3505 Λυκομήδης·

301 3535 670 3621 supervenit
715 3540 780 3602 et
825 3541 1106 3621 praestat
1154 3532 1768 3613 ἐπιγενόμενος.
1943 3552 1950 3557 ·

391 3639 647 3707 CXXV.
718 3640 879 3707 Ibid.
942 3640 1079 3705 VH.
1144 3640 1206 3706 2.
1238 3639 1312 3705 3;
1385 3642 1436 3704 οἰ
1506 3637 1982 3716 Λακεδαιμόνιοι
2047 3635 2259 3713 ἄλλως
2322 3663 2390 3702 τε
2459 3639 2682 3717 έτίμων

302 3747 527 3817 αὐτοὺς
575 3745 685 3819 καί,
726 3746 923 3822 βοῦν
973 3743 1142 3822 ξένια
1184 3744 1510 3824 ἔπεμψαν.
1557 3746 1773 3811 Nimis
1819 3764 2038 3831 parce;
2088 3744 2236 3831 lego
2281 3745 2498 3823 βοῦς.

389 3848 678 3917 CXXVI.
746 3849 907 3915 Ibid.
956 3849 1095 3915 VII.
1142 3849 1205 3915 2.
1234 3849 1277 3915 8
1344 3848 1597 3916 exsules
1656 3850 1922 3934 quidam
1986 3868 2134 3915 cum
2182 3849 2327 3917 aliis
2375 3868 2532 3934 quos
2579 3849 2682 3917 ad-

298 3957 647 4033 sciverant,
710 3956 992 4021 sexcenti
1051 3977 1354 4033 numer0‚
1418 3955 1750 4021 Phliuntis
1797 3976 2007 4021 arcem
2055 3961 2452 4041 occuparant.
2502 3953 2679 4028 Dum

300 4062 471 4127 cives
536 4059 785 4126 illatam
844 4062 985 4125 vim
1045 4063 1114 4127 vi
1176 4062 1426 4133 fortiter
1485 4059 1809 4146 'repellunt
1870 4081 1942 4125 ac
2001 4060 2261 4127 tandem
2324 4060 2538 4126 hostes
2599 4081 2676 4127 ex

242 4176 247 4180 “
300 4184 439 4233 arce
519 4166 931 4251 proturbant,
1014 4164 1274 4232 interim
1361 4169 1680 4233 exercitus
1755 4165 2078 4232 Arcadum
2145 4170 2212 4231 et
2281 4165 2673 4252 Argivorum

300 4274 579 4337 cinxerat
660 4271 921 4349 urbem,
1010 4271 1193 4337 credo
1278 4292 1357 4337 ne
1444 4275 1587 4357 quis
1656 4270 1874 4339 salvus
1943 4270 2273 4350 evaderet,
2341 4292 2496 4338 nam
2563 4276 2677 4343 vix

300 4380 591 4463 poterant
628 4376 918 4443 dubitare
958 4379 1112 4462 quin
1154 4377 1407 4445 exsules
1452 4382 1631 4446 tanto
1681 4396 1946 4446 numero
1995 4376 2374 4463 oppidulum
2421 4384 2679 4467 possent

300 4488 546 4561 tenere,
607 4489 947 4568 postquam
1008 4483 1206 4550 semel
1267 4487 1335 4550 in
1398 4506 1607 4551 arcem
1668 4488 2038 4553 evasissent.
2091 4486 2169 4551 02
2217 4486 2329 4563 μὲν
2377 4484 2678 4567 ’Λρκιέδες
