3351 5463
1240 383 1750 448 ,Amsrormsss
2555 367 2688 432 269

314 550 587 616 editione
648 571 749 635 ap.
815 547 1196 614 Macmillan
1257 549 1474 614 docuit
1533 548 1776 613 lemma
1838 545 2390 614 annotatiunculae
2435 549 2506 612 in
2549 548 2688 614 cod.

316 696 402 758 sic
448 696 762 779 scriptum
809 713 954 757 esse·
995 644 1270 773 ἦμερῗων.
1320 693 1394 757 111
1443 698 1698 758 textum
1745 693 2022 776 recipere
2067 697 2303 757 certam
2348 692 2690 758 lectionem

312 819 498 864 nemo
544 820 734 864 sanus
784 797 1065 883 amplius
1113 799 1453 865 dubitabit.
1493 855 1496 857 ,

403 1000 509 1076 Vs.
561 999 714 1066 169.
1780 1003 1846 1066 οὖ
1893 997 2244 1080 κατορύξεις

768 1107 1214 1186 κάπιφορήσεις
1260 1112 1374 1180 τῆς
1420 1113 1543 1184 γῆς
1592 1107 1850 1186 πολλήν,

769 1213 1265 1293 κάπιφυτεύσεις
1312 1209 1610 1292 ἕρπυλλον
1656 1213 1780 1278 ἄνω

766 1319 901 1382 καὶ
951 1318 1199 1397 μύρον
1248 1318 1619 1396 ἑπιχεῖς;
1671 1320 1752 1389 ὥς
1807 1316 1874 1392 ἦν
1920 1341 1979 1383 τι
2031 1319 2229 1382 πεσὼν
2279 1331 2421 1381 κτλ.

320 1422 509 1489 Metri
554 1445 745 1490 causa
792 1409 1178 1490 σοι-1311311111
1197 1472 1213 1501 ,
1262 1427 1339 1488 ut
1386 1420 1569 1487 olim·
1592 1426 1855 1489 monui:

766 1528 944 1614 κᾷτ’
998 1531 1335 1610 ἐπιχεῖς
1384 1529 1663 1609 μύρονς
1727 1559 1736 1568 ·

410 1717 514 1798 Va.
567 1718 720 1786 192.

496 1819 718 1890 'Mera
770 1819 934 1898 ἥκεις
984 1822 1045 1887 δὲ
1095 1822 1265 1886 κατὰ
1313 1821 1411 1900 τί;
1462 1821 1567 1886 Tr.
1616 1820 1702 1885 τὰ
1750 1819 1898 1902 κρέα
1945 1822 2136 1886 ταυτί
2181 1845 2270 1886 σοι
2323 1824 2540 1902 φέρων.

521 1929 721 1995 Mero.
772 1925 812 1992 ὦ
862 1928 1237 2008 δειλακρίων,
1287 1933 1448 1998 πῶς
1501 1921 1776 2005 ἦλθες,
1827 1925 1930 1992 Tr.
1982 1923 2024 1990 ὦ
2073 1929 2417 2007 γλίσχρων,
2465 1927 2608 2010 ὁρᾷς

770 2038 850 2107 ὦς
897 2032 1101 2098 οὖκετ’
1154 2029 1313 2122 εἶναι,
1360 2055 1449 2097 σοι
1496 2033 1643 2096 δοκῶ
1686 2031 2111 2110 μιαρώτατος,

772 2137 846 2204 ἵθι
896 2165 995 2204 νυν
1046 2137 1310 2204 κάλεσόν
1357 2163 1460 2216 μοι
1508 2140 1611 2203 τὸν
1660 2137 1786 2202 Δί’.
1835 2137 1930 2202 Μ.
1980 2139 2037 2211 ἰὴ
2086 2138 2144 2211 ῖὴ
2189 2138 2284 2218 ίῆ,

776 2242 864 2310 ὅτ’
914 2245 1034 2310 οὐδ’
1086 2243 1351 2322 ἔμελλες
1400 2245 1600 2322 ἐγγὺς
1652 2240 1804 2308 εἶναι
1853 2251 1968 2308 τῶν
2019 2245 2193 2308 θεῶν·

598 2349 725 2417 197
774 2349 1014 2441 φροῦξοι
1065 2350 1194 2430 γὰρ
1244 2349 1485 2429 ἐχθές
1535 2351 1738 2414 εἰσιν
1787 2345 2212 2430 ἐξῳκισμένοι.·

216 2469 223 2478 ·
327 2456 432 2523 Vs.
482 2455 607 2524 197
658 2456 791 2522 cod.
840 2456 893 2520 B
942 2455 1347 2522 confirmavit
1392 2458 1826 2521 coniecturam
1867 2475 2080 2519 meam
2119 2454 2263 2534 (Ex.
2308 2453 2466 2521 Orit.
2508 2476 2571 2539 p.
2597 2462 2698 2535 x):

770 2561 1010 2643 φροῦδοι
1062 2561 1186 2641 γάρ
1234 2562 1480 2638 εἰσιν,
1532 2563 1775 2642 ἐχθὲς
1824 2558 2230 2640 ἐξῳκισμένοι.

323 2669 655 2734 Praeterea
716 2689 867 2734 vero
912 2687 1143 2754 parum
1187 2670 1601 2753 perspicuum
1650 2672 1748 2731 est
1794 2666 1966 2752 quod
2011 2687 2108 2731 vs.
2167 2664 2293 2730 193
2341 2665 2704 2733 Mercurius

323 2781 506 2841 vocat
565 2781 695 2847 πῶς
760 2770 973 2853 ἦλθες,
1038 2796 1153 2860 pro
1218 2795 1341 2858 quo
1403 2772 1732 2838 Hamaker
1781 2778 1909 2844 πῶς
1955 2768 2144 2844 εἴποις
2162 2794 2179 2851 ;
2231 2794 2352 2857 ego
2401 2774 2703 2857 probante

325 2880 663 2967 Blaydesio
724 2884 801 2954 ὥς
861 2878 982 2955 ἡδέ’
1042 2880 1503 2964 proponebam,
1569 2886 1793 2964 postea
1854 2883 2394 2966 ἵ3111311111011311ε1
2441 2882 2704 2944 iortasse

329 2992 454 3058 πῶς
517 2983 731 3063 {Meu
796 3006 931 3051 esse
994 2984 1311 3049 salutandi
1372 2985 1721 3049 formulam
1743 3033 1758 3061 ‚
1824 3005 1947 3069 qua
2008 2985 2256 3051 laetitia
2309 2985 2385 3050 de
2431 2984 2705 3050 alicuius

330 3091 607 3159 adventu
648 3092 1063 3178 significetur,
1105 3088 1248 3154 coH.
1290 3089 1483 3174 Soph.
1526 3090 1626 3155 El.
1675 3089 1872 3168 1355,
1914 3091 2028 3155 ubi
2056 3090 2314 3156 Electra
2337 3092 2418 3157 ad
2439 3092 2706 3157 fratrem

778 3194 819 3261 ὦ
866 3198 1180 3277 φίλτατον
1225 3202 1393 3278 φῶς,
1445 3192 1486 3259 ὦ
1535 3198 1714 3272 μόνος
1765 3198 1962 3276 σωτὴρ
2012 3195 2208 3273 δόμων

777 3300 1285 3378 Ἀγαμέμνονος,
1334 3307 1491 3373 πῶς
1544 3298 1783 3376 ἦλθες
1801 3320 1817 3379 ;
1869 3296 1906 3375 ἦ
1951 3300 2028 3365 σὺ
2076 3308 2265 3373 κεῖνος
2314 3297 2401 3379 εἶ,

778 3399 839 3478 ὃς
886 3406 1055 3471 τόνδε
1104 3404 1258 3481 κᾶμ’
1309 3406 1543 3479 ἔσωσας
1596 3409 1664 3471 ἐκ
1715 3412 1959 3472 πολλῶν
2006 3407 2234 3485 raucam

337 3510 430 3577 Ibi
471 3518 689 3577 tamen
734 3535 859 3577 non
906 3515 1060 3577 satis
1108 3519 1370 3597 apparet
1415 3520 1640 3579 utrum
1687 3514 1804 3577 hoc
1842 3512 2003 3577 velit
2042 3512 2328 3590 Electra,
2371 3533 2450 3576 an
2488 3515 2706 3597 potius

342 3617 817 3682 admirationem
884 3638 1069 3683 suam
1088 3666 1104 3694 ‚
1180 3617 1349 3701 quod
1419 3620 1617 3684 frater
1685 3620 1906 3683 venire
1975 3620 2294 3702 potuerit,
2367 3616 2705 3702 significet.

340 3720 578 3790 Interea
641 3723 810 3809 apud
870 3723 1365 3808 Aristophanem
1426 3724 1593 3789 nihil
1646 3745 1881 3789 novare
1928 3724 2338 3808 praestiterit.
2403 3720 2706 3789 Ueterum

349 3828 533 3894 schol.
572 3829 727 3893 Rav.
770 3830 1265 3908 (γλίσχρωςε
1310 3829 1446 3894 ἀντὶ
1488 3833 1593 3894 τοῦ
1634 3829 1981 3908 φιλοτίμως
2021 3830 2106 3900 είς
2135 3830 2236 3893 τὸν
2260 3830 2503 3907 οὐρανὸν
2529 3826 2711 3913 ἔβην)

353 3935 493 3997 satis
528 3939 672 4019 apte
709 3934 940 4019 legisse
982 3935 1152 4017 ffyq.
1196 3934 1237 3997 ὢ
1279 3934 1633 4016 γλίσχρως·
1675 3937 1816 4018 ὁρᾷς
1858 3935 1985 3998 κτὲ.
2027 3956 2230 4019 nuper
2255 3933 2712 4001 animadvertit

356 4036 738 4106 Eutherford.
781 4038 903 4103 Sed
941 4060 1020 4103 ne
1059 4040 1150 4104 sic
1190 4039 1451 4123 quidem
1490 4044 1645 4106 satis
1670 4047 1932 4125 apparet
1955 4061 2070 4105 cur
2093 4038 2426 4127 Trygaeus
2452 4056 2558 4105 vs.
2580 4038 2706 4103 195

360 4162 393 4204 e
430 4143 723 4209 Mercurii
768 4146 977 4210 verbis
1021 4146 1139 4209 hoc
1188 4146 1438 4215 efficiat.
1923 4140 1936 4151 ⁶

442 4342 539 4408 Vs,
585 4346 731 4411 250.
782 4350 871 4411 Ἰὼ
922 4349 1215 4427 Σικελία,
1268 4349 1370 4412 καὶ
1422 4348 1497 4413 σὺ
1547 4348 1599 4423 δ’
1641 4350 1716 4421 ὦς
1771 4347 2272 4413 ἀπόλλυσαι.

355 4445 585 4515 Haereo
621 4454 686 4515 in
721 4457 1005 4539 tempore
1043 4458 1378 4541 praesenti.
1427 4454 1497 4519 Si
1538 4457 1712 4519 enim
1752 4476 1786 4520 e
1821 4476 1952 4521 vss.
1993 4456 2223 4519 vicinis
2265 4472 2706 4538 comparamus

0 5113 1 5126 ψ
81 4837 734 5201 Α
