3351 5463
1311 408 1595 456 11611116.
2083 342 2090 349 ”
2503 389 2634 455 133

258 575 485 639 mentis
520 575 975 659 principiisque
998 573 1241 651 relatis,
1276 572 1560 659 legimus
1578 593 1741 658 quae
1768 577 2153 657 sequuntur:
2200 576 2634 659 „intravitque

258 682 543 745 animum
604 679 909 744 militaris
969 679 1213 765 gloriae
1277 679 1507 764 cupido
1524 728 1541 756 ‚
1608 682 1866 766 ingrata
1921 681 2316 764 temporibus
2336 728 2352 756 ,
2402 680 2634 764 quibus

253 788 502 851 sinistra
564 806 718 872 erga
780 788 1131 851 eminentes
1191 788 1639 871 interpretatio
1703 806 1821 849 nec
1887 786 2101 849 minus
2148 783 2509 871 periculum
2556 806 2634 850 ex

254 913 485 977 magna
529 893 702 956 fama
748 911 943 976 quam
990 913 1068 956 ex
1114 890 1349 956 mala.'’
1402 890 1627 957 Simile
1677 893 1920 956 vitium
1963 892 2030 954 in
2077 892 2180 956 his
2225 892 2393 955 mihi
2436 889 2636 957 latere

252 998 507 1064 videtur
573 996 760 1082 quale
827 999 897 1063 in
971 997 1137 1061 Hiet.
1204 993 1286 1074 H,
1358 992 1465 1075 70,
1531 1017 1723 1081 quem
1792 994 2014 1071 locum
2080 1016 2272 1081 supra
2342 997 2632 1061 tractavi.

251 1104 524 1189 Requiro
580 1105 756 1169 enim
804 1123 1062 1167 causam
1100 1123 1213 1167 cur
1259 1122 1386 1168 non
1432 1104 1651 1167 minus
1697 1100 2058 1188 periculum
2103 1104 2185 1166 iis
2234 1102 2634 1186 temporibus

250 1216 411 1275 esset
471 1230 551 1274 ex
613 1230 854 1295 magna
914 1209 1088 1273 fama
1150 1230 1347 1295 quam
1395 1230 1473 1273 ex
1518 1208 1693 1273 mala
1711 1258 1727 1287 ,
1779 1229 1940 1293 quae
1989 1228 2180 1274 causa
2230 1208 2395 1271 mihi
2437 1206 2636 1272 latere

249 1316 498 1381 videtur
542 1318 614 1378 in
652 1336 790 1380 voc.
832 1315 1287 1397 interpretatio,
1332 1314 1501 1400 quod
1540 1335 1690 1379 cum
1731 1317 2134 1380 mutavimus
2169 1315 2238 1377 in
2275 1312 2632 1381 ablativum

247 1420 771 1503 interpretatione,
816 1423 999 1487 cuius
1046 1421 1298 1487 litterae
1348 1426 1669 1485 extremae
1719 1420 1904 1485 facile
1949 1423 2301 1505 potuerunt
2348 1418 2635 1485 excidere

246 1532 387 1591 ante
428 1547 572 1593 voc.
622 1550 760 1610 nee,
804 1548 905 1591 res
953 1528 1111 1592 bene
1158 1549 1293 1593 sese
1341 1528 1621 1593 habebit.
1677 1525 1823 1591 Voc.
1864 1526 2119 1590 sinistra
2159 1532 2314 1592 tunc
2353 1525 2634 1592 ablativo

247 1653 389 1697 casu
448 1653 601 1697 cum
664 1633 1160 1715 interpretatione
1223 1633 1750 1719 coniungentium
1812 1639 1908 1697 est
1924 1682 1940 1711 ,
1992 1638 2058 1698 et
2105 1656 2211 1696 nee
2253 1636 2391 1698 vim
2440 1632 2631 1718 paulo

246 1740 603 1824 graviorem
645 1738 869 1816 habet,
918 1759 1068 1803 cum
1118 1740 1203 1803 sit
1249 1740 1292 1802 i.
1321 1760 1379 1823 q.
1417 1739 1786 1821 praesertim
1831 1760 1880 1803 s.
1932 1738 2164 1803 omnino
2211 1763 2364 1818 non,
2415 1761 2636 1806 verna-

249 1843 382 1909 culo
431 1866 727 1910 sermone
775 1846 985 1915 vooral,
1029 1846 1174 1908 niet.

331 2055 493 2121 Aen.
558 2054 741 2119 XLII
801 2057 920 2120 sub
983 2056 1123 2119 fin.:
1201 2054 1588 2141 „Proprium
1647 2056 1918 2120 humani
1975 2057 2222 2142 ingenii
2283 2062 2379 2122 est
2427 2057 2631 2123 odisse

250 2181 431 2244 quem
474 2161 770 2228 laeseris:
818 2162 1174 2227 Domitiani
1221 2182 1373 2226 vero
1421 2166 1649 2226 natura
1696 2182 1993 2247 praeceps
2039 2163 2108 2225 in
2151 2163 2352 2241 iram,
2401 2168 2467 2228 et
2505 2185 2629 2249 quo

252 2266 587 2345 obscurior,
640 2288 715 2333 eo
757 2266 1304 2338 inrevocabilior.”

344 2372 622 2450 Verbum,
688 2378 765 2436 ut
818 2374 885 2437 in
952 2348 1207 2437 Hofatfi
1266 2372 1427 2453 Epp.
1479 2370 1529 2449 1,
1578 2370 1683 2448 18,
1737 2368 1856 2449 71;
1924 2378 2210 2450 aetatem,
2261 2376 2338 2437 ut
2383 2376 2453 2437 in
2502 2374 2631 2438 Lu-

249 2479 417 2541 cretii
464 2478 539 2540 de
585 2478 713 2541 Ber
760 2477 911 2541 Nat.
961 2476 1012 2554 Ι,
1063 2475 1197 2541 468
1215 2496 1231 2553 ;
1280 2476 1527 2557 vulqus,
1576 2480 1652 2539 ut
1698 2478 1767 2539 in
1816 2476 2058 2541 Lucani
2104 2477 2320 2543 Phara.
2362 2478 2412 2557 Ι,
2456 2476 2624 2557 509;

247 2604 460 2659 casnm,
556 2587 634 2646 ut
714 2582 885 2667 apud
954 2581 1224 2647 Livium
1286 2580 1487 2658 XLII,
1554 2579 1662 2658 62,
1728 2583 1855 2660 in.;
1926 2583 2356 2661 constantiam,
2420 2589 2499 2648 ut
2556 2587 2628 2649 in

247 2684 435 2751 Plinii
480 2687 640 2770 Epp.
690 2683 805 2766 III,
859 2683 919 2766 7,
967 2689 1055 2753 in.
1106 2686 1556 2753 inrevocabilia
1603 2690 1816 2752 vocari
1854 2686 2219 2776 intelligere
2256 2710 2363 2755 me
2404 2690 2626 2769 fateor,

248 2792 347 2856 sed
390 2792 691 2858 Tacitum
731 2792 1002 2858 alicuius
1040 2801 1321 2858 naturam
1356 2789 1856 2858 inrevocabilem
1897 2792 2103 2859 dicere
2141 2798 2424 2880 potuisse
2459 2797 2626 2860 mihi

246 2899 610 2982 persuadere
678 2919 942 2984 nequeo.
1030 2900 1279 2964 Natura
1346 2901 1519 2963 enim
1540 2947 1557 2977 ,
1631 2905 1924 2964 constans
1995 2899 2240 2985 aliquid
2257 2950 2273 2979 ,
2339 2903 2626 2968 revocari

246 3007 485 3089 nequit,
555 3005 724 3089 quod
788 3010 1004 3070 tamen
1066 3008 1208 3070 iure
1272 3006 1567 3070 contendi
1620 3013 1833 3091 potest
1895 3007 1973 3072 de
2036 3007 2314 3093 singulis
2358 3015 2625 3074 naturae

246 3111 541 3193 partibus.
608 3109 813 3190 Quare
865 3110 1215 3196 legendum
1260 3129 1576 3197 propono:
1628 3118 1687 3174 et
1732 3134 1846 3196 quo
1894 3113 2193 3175 obscurior
2238 3136 2301 3177 eo
2351 3114 2622 3177 inea-ora-

246 3214 428 3282 bibior.
500 3214 881 3305 Conferatuzr
940 3214 1193 3300 Terent.
1258 3217 1495 3281 Phor-m.
1562 3216 1678 3294 III,
1729 3217 1792 3295 2,
1849 3217 1966 3282 12:
2037 3219 2300 3295 „Adeon
2357 3222 2618 3305 ingenio

248 3339 369 3386 esse
414 3321 572 3386 duro
620 3326 686 3386 te
735 3326 925 3406 atque
970 3321 1418 3387 inexorabili.'’

326 3536 481 3601 AGR.
530 3533 707 3600 XLV
744 3538 869 3600 in.:
923 3536 1109 3613 „Non
1149 3535 1313 3628 vidit
1350 3534 1653 3622 Agricola
1696 3582 1894 3602 .....
1937 3540 2034 3600 tot
2070 3535 2616 3602 nobilissimarum

246 3638 618 3705 feminarum
667 3640 860 3705 exilia
906 3645 969 3706 et
1016 3640 1271 3726 fugas.’'
1321 3641 1487 3720 Quia
1538 3663 1651 3726 per
1691 3641 1882 3704 emilia
1928 3649 1985 3704 et
2013 3643 2220 3727 fuqae
2265 3644 2395 3708 fere
2441 3643 2617 3708 idem

246 3745 649 3830 significatur,
712 3746 949 3812 melius
1010 3749 1134 3811 erit
1177 3767 1321 3840 meo
1371 3746 1608 3812 iudicio
1653 3747 1868 3833 legere
1909 3747 2101 3810 exitia
2118 3796 2134 3824 ,
2184 3769 2314 3814 una
2357 3754 2614 3813 tantum

243 3847 485 3916 literula
547 3855 832 3929 mutata,
900 3873 1026 3936 quo
1086 3852 1253 3917 facto
1301 3872 1559 3917 sensum
1606 3851 1944 3916 meliorem
1993 3851 2305 3917 elicimus.
2355 3852 2615 3919 Tacitus

244 3955 488 4021 innuere
549 3956 809 4021 videtur
854 3963 1095 4022 mortes
1140 3957 1452 4023 violentas
1501 3956 1862 4022 Stoicarum
1911 3956 2173 4023 illarum
2193 4006 2210 4036 ,
2259 3958 2334 4023 de
2383 3960 2614 4044 quibus

246 4063 479 4145 saepius
528 4063 601 4126 in
648 4044 864 4127 Plinii'
892 4062 1199 4145 Epistnbie
1245 4064 1489 4128 mentio
1536 4061 1628 4127 fit.
