3351 5463
1302 409 1672 460 nuonnrms.
2549 394 2684 462 32¹7

297 577 420 644 hac
482 583 701 644 autem
762 577 1047 643 doctrina
1108 577 1306 642 Stoici
1367 579 1606 662 partim
1666 579 1923 641 tantum
1985 577 2491 643 consentiebant:
2556 600 2682 644 non

296 683 623 770 negabant
670 681 973 761 „sensilia
1016 703 1095 747 ex
1139 680 1595 747 insensilibus”
1654 684 1844 768 gigni
1861 729 1878 759 ‚
1941 681 2048 746 sed
2110 684 2362 747 aiebant
2420 683 2488 748 id
2548 683 2687 748 fieri

299 795 565 874 propter
610 795 869 874 partum
914 794 981 852 et
1026 790 1164 872 ipso
1212 792 1402 871 partu
1447 807 1547 852 res
1594 789 1856 853 mutari.
1907 787 2000 851 De
2047 787 2166 852 hac
2204 808 2272 852 re
2310 787 2425 852 1.1.
2465 791 2689 873 scripsi

300 895 493 960 haec:
571 894 805 971 „Illam
876 894 1235 958 doctrinam
1306 894 1383 957 ab
1452 891 1807 977 Herophilo
1877 891 2144 976 Epicuri
2205 893 2334 958 fere
2397 893 2650 978 aequali
2669 941 2685 970 ,

300 1003 414 1084 qui
481 1006 635 1064 tunc
695 1000 1003 1083 temporis
1069 997 1519 1063 celeberrimus
1582 1003 1723 1061 erat
1782 997 2070 1062 medicus
2130 1002 2195 1061 et
2257 1001 2650 1063 anatomicus
2669 1046 2686 1076 ,

297 1107 652 1190 sumpsisse
691 1104 994 1170 videntur
1031 1101 1251 1168 Stoici.
1300 1102 1520 1166 Huius
1558 1103 1926 1187 opinionem
1965 1101 2138 1166 Plac.
2165 1101 2240 1180 V,
2272 1101 2352 1166 15
2394 1103 2687 1188 (pseudo)

298 1210 690 1276 Plutarchus
718 1212 822 1274 -sic
860 1211 1203 1293 exprimit:
1244 1208 1572 1287 Ἡρόφιλος
1612 1209 1844 1282 κίνησιν
1881 1208 2212 1272 ἀπολείπει
2253 1209 2520 1288 φυσικὴν
2560 1216 2686 1279 τοῖς

300 1316 630 1395 ἐμβρύοις,
692 1317 759 1380 οὒ
822 1313 1277 1391 πνευματικήν·
1339 1321 1451 1386 τῆς
1499 1313 1561 1378 δὲ
1608 1315 1894 1404 κινήσεως
1944 1311 2122 1377 αἴτιοι
2166 1317 2380 1392 νεῦρα·
2431 1312 2574 1378 τότε
2623 1314 2686 1378 δὲ

298 1420 429 1501 ζῷα
502 1420 816 1497 γίνεσθαι,
889 1417 1083 1484 ὅταν
1173 1418 1695 1499 προχυθέντα
1774 1417 2106 1498 προσλάβῃ
2174 1441 2234 1481 τι
2317 1423 2423 1482 τοῦ
2492 1419 2686 1496 ἀέρος.

296 1523 669 1590 Secundum
729 1525 845 1589 hos
905 1527 1115 1610 igitur
1172 1527 1428 1589 animus
1491 1526 1850 1589 mutatione
1898 1523 2173 1609 quadam
2220 1546 2255 1588 e
2300 1545 2424 1589 non
2472 1525 2688 1590 sensili

296 1633 527 1696 oritur.
576 1629 850 1695 Brevem
894 1631 1185 1694 invenies
1231 1630 1393 1694 hanc
1442 1627 1803 1694 Stoicorum
1849 1631 2215 1713 opinionem
2260 1630 2330 1693 in
2377 1628 2556 1695 Plut.
2608 1631 2684 1695 de

294 1735 497 1800 Stoic.
560 1752 832 1820 repugn.
882 1734 1005 1798 41:
1072 1735 1141 1798 ’τὸ
1188 1733 1441 1815 βρέφος
1473 1735 1531 1797 ἐν
1578 1745 1653 1815 τῇ
1703 1735 1932 1813 γαστρὶ
1981 1735 2171 1815 φύσει
2220 1735 2554 1815 τρέφεσθαι
2601 1759 2686 1800 νο-

300 1837 504 1919 μίζει,
548 1840 823 1920 καθάπερ
863 1840 1081 1920 Φύτον,
1130 1834 1323 1902 ὅταν
1374 1838 1435 1902 δὲ
1487 1841 1741 1920 τεχθῇ
1788 1837 2184 1917 ψυχούμενον
2227 1841 2339 1903 ὑπὸ
2381 1844 2486 1904 τοῦ
2513 1840 2684 1920 ἀέρος

302 1944 403 2008 καὶ
472 1945 881 2022 σ’τομούριενον
926 1943 993 2008 τὸ
1044 1948 1297 2020 πνεῦμα
1344 1944 1938 2020 μεταβάλλειν
1987 1943 2092 2007 καὶ
2141 1943 2416 2020 γίνεσθαι
2469 1943 2680 2025 ζῷον.”

390 2049 460 2140 Si
508 2053 653 2135 quis
698 2070 848 2116 cum
896 2050 1067 2114 hisce
1113 2048 1271 2114 locis
1316 2051 1744 2134 composuerit
1789 2069 2012 2115 versus
2051 2047 2482 2128 Lucretianos,
2525 2071 2683 2135 quos

298 2139 493 2240 supra
558 2157 896 2240 exscripsi,
961 2175 1268 2240 mag-nam
1328 2158 1602 2238 reperiet
1664 2153 2161 2218 similitudinem
2225 2154 2331 2219 vel
2391 2157 2461 2219 in
2479 2235 2492 2245 ·
2525 2157 2684 2244 ipsis

299 2259 549 2324 verbis:
620 2259 1021 2322 mutabibitate
1090 2259 1567 2338 μετοιβώλλειν;
1626 2267 1818 2341 partu
1839 2307 1856 2336 ,
1927 2281 2096 2344 quom
2153 2258 2444 2340 proditur
2511 2267 2682 2323 eoetra

302 2361 453 2429 ὅταν
493 2366 722 2446 τεχθῇ,
765 2363 915 2429 ὅταν
954 2364 1339 2444 προχυθέντα
1378 2411 1395 2429 .
1424 2412 1439 2429 .
1469 2412 1484 2429 .
1513 2413 1527 2429 .
1571 2363 1860 2431 Concedo
1900 2362 2276 2428 Lucretium
2313 2386 2440 2429 non
2477 2364 2684 2430 dicere

302 2468 377 2534 de
415 2473 663 2546 anima,
707 2469 817 2534 sed
855 2469 930 2534 de
970 2489 1157 2534 sensu
1197 2469 1359 2546 solo;
1400 2471 1814 2554 perspicuum
1851 2489 2004 2535 vero
2044 2474 2139 2534 est
2178 2491 2330 2534 eum
2369 2469 2446 2534 de
2470 2472 2686 2534 anima

298 2576 417 2640 hoc
478 2575 617 2640 loco
678 2595 759 2640 ne
821 2575 1094 2640 verbum
1156 2575 1417 2659 quidem
1481 2575 1687 2640 dicere
1705 2623 1722 2653 ‚
1790 2577 2094 2659 quoniam
2152 2577 2220 2638 in
2281 2574 2445 2640 libro
2494 2578 2684 2640 tertio

299 2685 507 2747 totam
576 2680 928 2746 doctrinam
992 2680 1071 2745 de
1134 2683 1347 2745 anima
1415 2682 1678 2746 uberius
1741 2685 1877 2746 erat
1942 2683 2370 2766 expositurus.
2442 2678 2568 2745 Sed
2629 2683 2686 2746 si

298 2788 495 2853 verbo
558 2786 729 2871 quod
790 2793 885 2851 est
932 2789 1149 2851 anima
1191 2807 1320 2852 non
1364 2790 1593 2870 utitur,
1642 2793 1861 2852 tamen
1907 2786 1982 2852 de
2029 2790 2244 2852 anima
2291 2807 2500 2853 sermo
2549 2792 2646 2852 est
2663 2834 2679 2865 ‚

298 2896 449 2957 nam
509 2894 654 2956 sine·
692 2893 908 2955 anima
952 2911 1179 2977 corpus
1224 2913 1347 2956 non
1395 2897 1605 2976 potest
1650 2894 1941 2958 sensibus
1987 2894 2088 2956 uti
2135 2891 2276 2971 (III,
2328 2890 2508 2971 562),
2556 2894 2686 2955 ani·

299 3018 443 3062 mae
490 3016 680 3082 opera
724 3002 823 3061 est
867 3016 1091 3088 sensus
1127 2999 1197 3061 in
1234 2997 1418 3061 nobis
1454 2996 1587 3076 (IV,
1617 2996 1800 3078 920),
1844 2996 2218 3074 „sensiferos
2258 3002 2474 3060 motus
2519 3016 2680 3080 quae

298 3103 463 3167 didit
508 3104 719 3187 prima
762 3123 875 3186 per
920 3102 1139 3166 artus²²
1191 3102 1330 3193 (ΙΙΙ,
1372 3102 1555 3182 245).
1604 3102 1700 3168 Eo
1739 3103 1876 3167 loco
1913 3102 1989 3166 de
2030 3123 2154 3186 quo
2196 3103 2453 3187 agimus
2492 3101 2678 3165 dicit:

302 3210 583 3293 „quippe
645 3208 862 3273 videre
926 3207 1079 3272 11661
1141 3210 1328 3273 vivos
1370 3211 1643 3273 existere
1689 3228 1938 3273 vermes
1987 3211 2260 3295 stercore
2309 3205 2385 3271 de
2432 3205 2680 3271 taetro”

298 3314 407 3393 (II,
458 3310 638 3393 871),
704 3316 1067 3390 „cernimus
1130 3360 1145 3377 .
1176 3359 1235 3378 ..
1285 3316 1527 3378 vermis
1592 3360 1607 3376 .
1636 3360 1651 3376 .
1683 3359 1697 3377 .
1763 3312 2058 3377 effervere
2076 3359 2092 3389 ,
2157 3316 2396 3375 terram
2455 3314 2686 3377 intem-

278 3421 582 3509 pestivos
630 3440 824 3503 quom
870 3424 1063 3505 putor
1110 3420 1281 3503 cepit
1325 3420 1403 3485 ob
1449 3418 1719 3484 imbris’'
1764 3416 1873 3498 (II,
1915 3415 2093 3496 928),
2145 3416 2256 3481 86(1
2291 3416 2454 3482 libro
2495 3420 2684 3483 tertio

300 3524 487 3588 dicit:
542 3524 752 3609 „quod
799 3527 855 3588 si
900 3525 1065 3589 forte
1112 3527 1358 3589 animas
1406 3526 1799 3589 extrinsecus
1845 3525 2159 3587 insinuari
2206 3523 2534 3601 vermibus
2576 3571 2591 3588 .
2623 3572 2637 3587 .
2667 3571 2681 3588 .

300 3630 544 3695 credis’'
612 3635 733 3710 (vs.
786 3628 965 3711 722).
1028 3630 1264 3695 Sensus
1328 3634 1509 3716 origo
1573 3636 1637 3695 et
1685 3632 1936 3695 animae
1983 3632 2163 3714 origo
2209 3632 2418 3717 igitur
2463 3630 2684 3695 eadem

300 3740 398 3801 est
416 3782 433 3813 ,
481 3756 597 3801 nec
642 3735 778 3800 ulla
820 3736 987 3800 mihi
1033 3735 1349 3801 dubitatio
1395 3735 1656 3801 videtur
1693 3756 1828 3801 esse
1847 3784 1864 3813 ,
1908 3738 2060 3820 quin
2098 3740 2286 3819 poeta
2324 3733 2684 3800 Stoicorum

301 3841 462 3906 hanc
508 3843 881 3926 opinionem·
916 3843 1283 3926 impugnet.

391 3945 575 4025 Quod
637 3952 855 4011 autem
918 3946 1075 4009 dicit
1136 3945 1340 4031 aliquo
1388 3952 1682 4030 tamquam
1719 3952 1912 4028 partu
1957 3944 2025 4009 id
2069 3944 2257 4010 facile
2307 3945 2680 4031 explicatur,

302 4072 451 4117 cum
498 4052 687 4116 modo
734 4051 810 4116 de
858 4052 1083 4116 avibus
1132 4055 1198 4115 et
1244 4051 1321 4115 de
1367 4052 1698 4116 vermibus
1743 4049 1998 4115 locutus
2045 4056 2209 4115 esset
2257 4055 2379 4131 (vs.
2420 4038 2583 4129 928)
2616 4057 2680 4117 61

298 4159 553 4243 proprie
598 4156 675 4221 de
721 4161 912 4241 partu
958 4176 1182 4221 eorum
1226 4177 1436 4221 sermo
1482 4176 1784 4231 essenon
1819 4158 2050 4241 possit3
2094 4156 2250 4221 haec
2288 4177 2439 4222 vero
2479 4159 2676 4221 etiam

300 4267 398 4326 est
458 4282 651 4326 causa
711 4282 825 4325 cur
882 4261 1109 4326 addat:
1171 4284 1343 4346 quom
1388 4262 1682 4344 proditur
1709 4274 1714 4279 '
1743 4267 1915 4324 emm-a
1930 4308 1948 4340 ‚
2006 4282 2156 4325 cum
2216 4260 2386 4347 pulli
2442 4267 2678 4327 exeunt

300 4386 379 4431 ex
440 4368 579 4431 ovis
599 4413 615 4442 ,
678 4387 927 4432 vermes
990 4388 1069 4431 ex
1132 4365 1359 4453 glebis.
1423 4366 1709 4432 Verbum
1772 4364 1940 4450 quod
2003 4371 2101 4430 681
2151 4366 2444 4448 proditur
2505 4372 2674 4432 caret

298 4472 621 4551 subiecto;
666 4472 1179 4557 impersonaliter
1224 4478 1321 4537 est
1364 4476 1770 4557 usurpatum.
2649 4468 2652 4473 ’
