3351 5463
1291 362 1679 424 miscuimus.
2580 351 2669 422 45

383 535 572 604 Eum.
611 536 745 606 217
794 541 932 614 εὐνὴ
980 539 1107 617 γαρ
1158 538 1378 617 ἀνδρὶ
1430 538 1562 602 καὶ
1614 538 1947 615 γυναικὶ
1998 538 2294 618 μόρσιμος

791 641 956 722 ὅρκου
1007 644 1124 707 ὀ-τὶ
1174 640 1396 722 μείζων
1445 653 1520 724 τῇ
1567 644 1701 725 δίκη
1750 645 2178 724 Φρουρουμένη.
2230 692 2237 697 -

725 768 732 776 ·
789 751 838 812 εἰ
883 755 1144 812 τοῖο-ιν
1184 743 1280 812 οὖν
1322 748 1650 812 κτείνουσιν
1694 750 2106 823 ἀλλήλους
2146 757 2365 832 χαλᾷς
2408 765 2551 814 κτλ.

296 855 621 921 Wecklein
691 855 890 919 edidit
958 855 1254 918 κτείνουσι
1342 856 1893 933 συλλέκτρους
1983 854 2173 933 „weil
2240 856 2349 919 das
2418 876 2672 920 voraus-

294 961 578 1048 gehende
649 961 769 1025 den
837 959 1084 1046 Begriff
1143 959 1544 1045 ,Ehegatten'
1619 960 1900 1026 fordert''
1921 1008 1938 1038 ,
2028 959 2450 1025 Stadtmiffler
2518 982 2669 1025 vero

294 1088 493 1152 nuper
539 1068 891 1148 ἀγχίστους
940 1069 1293 1152 proposuit.
1343 1065 1515 1129 Mihi
1561 1087 1820 1150 prorsus
1868 1066 2151 1132 sufficere
2199 1067 2453 1131 videtur
2499 1067 2669 1151 quod

294 1175 460 1238 suasi
505 1171 750 1238 Mnem.
799 1170 982 1249 XXI,
1028 1192 1174 1258 pag.
1225 1171 1310 1236 92

790 1279 841 1342 εἰ
891 1276 1097 1341 τοισίδ’
1145 1271 1261 1354 οὖν,
1315 1282 1644 1341 κτείνουσιν
1692 1278 2041 1356 ἀλλήλους,
2088 1282 2308 1359 χαλᾷς
2358 1291 2497 1341 κτλ.

297 1381 611 1450 Confiteor
655 1405 761 1448 me
800 1386 999 1448 etiam
1046 1386 1361 1468 cogitasse
1409 1382 1484 1447 de
1533 1384 1837 1448 servando
1899 1392 2106 1461 τοῖσιν,
2171 1382 2338 1468 quod
2407 1383 2670 1449 subinde

296 1488 648 1574 Aeschylus
709 1511 824 1574 pro
873 1489 1104 1558 τούτοις
1155 1488 1447 1564 adhibet,
1497 1509 1611 1553 nec
1659 1495 1877 1607 tarnen
1924 1494 2227 1573 sequente
2276 1488 2403 1553 alio
2452 1488 2669 1553 dativo

295 1596 434 1660 inde
481 1617 788 1682 suspenso
835 1594 902 1660 id
948 1595 1152 1660 facere
1199 1598 1432 1662 ausim.
1533 1665 1535 1667 .

381 1796 574 1861 Eum.
623 1796 756 1861 242
821 1800 1009 1876 ,,θεοέ,
1073 1806 1216 1884 (pro
1268 1804 1310 1878 .)
1359 1800 1550 1863 αὐτοῦ
1599 1798 1962 1878 Φυλασσων,
2013 1804 2127 1862 aut
2173 1797 2306 1864 θεοὶ.
2357 1801 2525 1864 τοῦτ’
2571 1795 2668 1864 οὖν

296 1910 369 1978 φ.
429 1901 882 1967 Herwerden''.
944 1901 1086 1967 Vid.
1151 1903 1268 1966 Ex,
1337 1901 1496 1969 Crit.
1559 1926 1620 1989 p.
1677 1903 1825 1968 106.
1873 1902 2042 1966 Illud
2086 1907 2301 1968 tamen
2347 1907 2479 1968 iam
2526 1910 2671 1970 ante

297 2028 399 2071 me
444 2010 735 2072 restituit
781 2007 947 2073 Weil
966 2057 983 2086 ,
1033 2010 1217 2074 cuius
1265 2008 1462 2074 editio
1508 2012 1804 2095 apparuit
1850 2029 2011 2074 anno
2061 2014 2207 2073 ante
2255 2009 2671 2076 Exercitatio-

300 2133 407 2177 nes
453 2133 631 2178 meas
680 2111 970 2180 Griticas.

386 2315 576 2380 Eum.
620 2315 749 2380 261
793 2312 958 2392 αἷμα
1007 2320 1281 2396 μητρῷον
1328 2317 1546 2399 χαμαὶ

790 2422 1309 2501 δυσαγκόμιστον,
1358 2432 1607 2501 παπαῖ,

788 2551 870 2590 το
920 2527 1176 2608 διερὸν
1219 2529 1388 2592 πέδοι
1441 2530 1709 2608 χύμενον
1758 2526 2025 2606 οἴχεται.

295 2599 462 2696 Iners
523 2632 852 2717 epitheton
912 2633 1096 2698 valde
1159 2641 1554 2720 suspectum
1592 2638 1709 2699 est.
1781 2631 2135 2698 Lenissime
2202 2635 2477 2721 Blaydes
2544 2634 2669 2700 τόδ’

297 2738 456 2816 ἱερόν,
508 2739 618 2803 sed
665 2738 961 2823 displicet
1006 2762 1351 2826 pronomen
1401 2743 2001 2807 demonstrativum.
2051 2740 2298 2826 Ecquid
2347 2742 2474 2807 fuit

792 2845 875 2908 τὸ
923 2848 1201 2923 λιαρὸν
1250 2848 1416 2911 πέδοι
1467 2847 1739 2927 χύμενον
1788 2844 2031 2924 οἴχεται

300 2956 371 3013 ut
454 2948 664 3030 θερμὸν
737 2944 902 3027 αἷμα
980 2950 1051 3015 Ο.
1103 2950 1175 3018 G.
1249 2950 1424 3018 622?
1497 2950 1593 3019 Of.
1668 2952 1844 3016 Aiao.
1902 2950 2097 3015 1411.
2168 2951 2444 3019 Philoot.
2514 2952 2666 3019 696.

300 3054 481 3119 Rhes.
536 3052 687 3121 ¹790.

381 3260 572 3325 Eum.
623 3258 756 3327 272
803 3268 913 3335 τῆς
960 3260 1127 3334 δίκης
1177 3261 1429 3340 ἐπάξια.
1479 3263 1647 3347 Apte
1694 3261 1793 3327 Bl.
1836 3260 2008 3325 τῶνδ’
2050 3268 2156 3342 (an
2182 3262 2291 3333 την
2308 3258 2360 3342 ?)
2401 3262 2667 3337 ἐπαξίαν

299 3363 480 3439 δίκην.

382 3548 574 3614 Eum.
641 3549 773 3614 286
862 3551 1262 3627 „eiciendum
1330 3553 1693 3636 suspicatur
1759 3548 2046 3615 Herw.'’.
2132 3550 2267 3627 Ita,
2341 3550 2450 3615 sed
2518 3556 2665 3635 post

297 3654 768 3742 Musgravium.

377 3838 568 3903 Eum.
621 3838 774 3903 300.
839 3840 1006 3903 Stud.
1064 3839 1210 3903 orit.
1276 3839 1344 3901 in
1393 3846 1559 3921 poet.
1624 3840 1791 3902 Scan.
1866 3839 1970 3903 Gr.
2022 3861 2085 3924 p.
2138 3837 2176 3902 3
2226 3840 2465 3903 conieci
2516 3861 2667 3917 παρ-

296 3944 694 4022 εξηυλημένον
755 3965 868 4029 pro
922 3943 1302 4029 languidulo
1352 3942 1886 4022 παρημελημένον,
1938 3941 2083 4008 coll.
2135 3944 2245 4007 Ar.
2296 3943 2455 4007 Aah.
2508 3941 2662 4009 681.

377 4126 567 4192 Eum.
621 4124 751 4190 352
795 4127 1161 4190 παλλεύκων
1211 4126 1274 4190 δὲ
1322 4126 1576 4189 πέπλων
1615 4124 1877 4201 ἄκληρος
1919 4122 2166 4204 ἄμοιρος
2206 4125 2492 4204 ἐτύχθην.
2539 4126 2666 4189 An-

293 4236 466 4295 notat
509 4231 790 4317 Blaydes
837 4254 899 4316 p.
952 4229 1082 4296 285
1135 4230 1430 4308 ,,πέπλων
1470 4230 1743 4307 οὲνέορτος
1787 4229 1973 4294 Woil.
2018 4237 2122 4310 (ex
2167 4230 2360 4295 schol.
2391 4231 2664 4306 οὐδαμοῦ

295 4332 434 4401 ὅπου
499 4338 667 4416 ἑορτὴ
723 4337 848 4421 naz*
875 4338 1211 4415 ἀμπεχόνη
1267 4337 1504 4413 καθαρὰ
1553 4335 1831 4413 πάρεισι,
1881 4335 2023 4400 coll.
2074 4335 2227 4399 Eur.
2277 4335 2478 4400 Elect.
2530 4333 2662 4399 310

295 4442 563 4523 ἀνέορτος
618 4442 780 4522 ἱερῶν
829 4442 932 4505 καὶ
982 4448 1176 4523 χορῶν
1226 4442 1562 4519 τητωμένη.
1629 4439 1811 4520 Quod
1856 4442 2078 4526 probat
2124 4440 2473 4507 Wecklein.
2538 4439 2663 4505 Sed
