3351 5463
624 340 757 414 370
1516 363 1525 371 ·
1650 362 1975 412 κΕΡΜΑτΑ.

625 530 1057 613 excogitatam
1120 529 1319 594 fuisse
1376 528 1456 592 ab
1515 531 1597 593 iis
1614 576 1631 607 ,
1697 530 1810 613 qui
1868 532 2095 596 notum
2143 528 2558 614 proverbium
2601 529 3018 612 interpretari

624 632 893 711 vellent,
960 654 1073 699 nec
1134 633 1483 719 quidquam
1544 633 1624 699 ad
1687 655 1824 698 rem
1877 636 2188 719 pertinet,
2237 633 2404 718 quod
2452 633 3016 718 paroemiographi

624 759 845 809 omnes
892 739 1023 806 fere
1064 739 1236 804 idem
1283 761 1407 804 uno
1456 760 1561 805 ore
1608 739 1946 806 affirmant.
1995 739 2138 825 Ipse
2184 733 2434 824 quoque
2482 739 2906 804 Bernardaces
2946 741 3017 804 in

622 847 861 912 recenti
920 845 1194 910 editione
1214 893 1229 922 ,
1294 866 1444 910 cum
1492 844 1914 932 Colophonios
1961 844 2108 910 illos
2155 867 2282 910 non
2328 850 2541 910 nosset
2586 847 2656 908 in
2704 845 2976 911 historia
2995 893 3013 924 ,

626 950 992 1017 dubitanter
1049 955 1307 1037 rogavit
1366 973 1527 1016 num
1584 952 1750 1016 forte
1800 949 2434 1038 Carthaginiensium
2481 972 2715 1016 nomen
2760 954 3020 1016 restitu-

625 1056 861 1123 endum
906 1062 1103 1123 esset:
1136 1059 1224 1124 At
1269 1059 1499 1123 horum
1536 1060 1890 1143 imperium
1927 1079 2054 1122 non
2092 1059 2307 1142 potuit
2350 1057 2613 1142 quidem
2649 1057 3013 1142 perdurare,

624 1161 733 1228 sed
780 1165 893 1247 qui
938 1184 1052 1248 per
1101 1167 1209 1236 tot,
1244 1183 1439 1228 annos
1478 1184 1649 1228 cum.
1666 1163 1975 1228 Romanis
2017 1163 2093 1227 de
2132 1164 2495 1247 principatu
2533 1162 3016 1242 contenderunt,

622 1269 858 1338 horum
914 1270 1296 1353 imperium,
1360 1272 1614 1338 etiamsi
1673 1291 1801 1335 non
1861 1267 2209 1335 admodum
2271 1269 2466 1334 fuerit
2527 1268 2911 1334 diuturnum
2957 1271 3017 1334 si

626 1393 776 1438 cum
820 1373 1026 1440 Roma
1062 1358 1317 1439 aeterna
1353 1377 1818 1462 comparaveris
1835 1422 1852 1452 ,
1877 1369 2061 1440 'certe
2099 1394 2223 1437 non
2262 1375 2473 1459 magis
2511 1373 2638 1438 fuit
2662 1374 3014 1440 admodum

623 1479 838 1545 breve.
907 1478 1079 1559 Quos
1147 1485 1365 1545 autem
1434 1483 1740 1546 novimus
1809 1483 1879 1544 in
1942 1480 2212 1544 historia
2229 1527 2246 1556 ,
2318 1500 2597 1564 quorum
2666 1501 2766 1544 res
2830 1481 3018 1547 brevi

622 1579 932 1669 temporis
990 1587 1199 1669 spatio
1260 1585 1668 1651 effloruerunt
1729 1585 1839 1650 sed
1906 1584 2136 1649 itidem
2181 1587 2307 1650 cito
2357 1583 2808 1651 conciderunt?
2871 1585 3019 1652 Non

628 1688 851 1755 dubito
920 1690 1076 1774 quin
1136 1692 1304 1756 inter
1363 1690 1710 1777 legendum
1769 1690 2036 1757 lectores
2097 1711 2202 1757 me
2263 1693 2394 1755 iam
2442 1692 2907 1775 praeverterint
2955 1695 3024 1757 et

582 1793 1057 1874 ‘Phocensium
1126 1817 1357 1861 nomen
1418 1799 1854 1882 reposuerint:
1944 1795 2076 1860 οὐδὲ
2140 1797 2315 1876 ταχὺ
2383 1795 2785 1872 παυσάμενος
2847 1798 2928 1869 ὥς
2991 1797 3024 1860 ὅ

630 1909 681 1966 Φ
702 1923 745 1962 ω
762 1899 975 1970 κέων.
1038 1899 1135 1966 Ne
1196 1904 1341 1986 quis
1401 1907 1622 1968 autem
1685 1900 1900 1968 credat
1945 1903 2139 1966 nimis
2185 1900 2541 1967 violentam
2567 1904 3022 1980 §mutationem

626 2026 794 2090 esse,
845 2005 1289 2092 Thucydidem
1336 2009 1621 2074 conferri·
1652 2008 1845 2072 iubeo
1867 2054 1882 2083 ,
1933 2007 2103 2093 apud
2150 2027 2342 2091 quem
2389 2010 2458 2071 in
2496 2006 2678 2072 libris
2718 2008 3022 2074 omnibus

628 2133 743 2198 pro
812 2111 899 2194 6⁹4¹,
945 2114 1046 2176 τὸν
1120 2115 1337 2192 Κωφὸν
1399 2115 1627 2190 λιμένα
1688 2112 1935 2200 legitur
1997 2114 2059 2184 ἐς
2122 2113 2226 2178 τὸν
2290 2113 2685 2193 Κολοφωνίων
2746 2113 3012 2191 λιμένα,

630 2217 799 2303 quod
836 2218 1113 2284 stultum
1154 2221 1394 2284 vitium
1434 2218 1888 2304 plaudentibus
1927 2209 2246 2284 omnibus
2267 2217 2691 2305 Pluygersius
2729 2217 3022 2284 sustulit.

630 2322 863 2398 Videor
920 2325 1087 2390 mihi
1134 2323 1382 2390 odorari
1426 2324 1822 2410 corruptelae
1867 2327 2206 2411 originem.
2270 2324 2398 2389 Pro
2449 2323 2697 2388 Φωκέων
2747 2322 3026 2409 proclivi

633 2449 843 2494 errore
914 2433 1227 2516 scriptum
1294 2431 1505 2496 fuerat
1574 2430 1823 2510 κωφέων
1887 2431 2080 2515 idque
2137 2429 2416 2494 ulterius
2477 2434 2856 2514 corruptum
2917 2433 3016 2495 est

633 2534 852 2600 eodem
936 2535 1123 2602 modo
1207 2557 1333 2621 quo
1417 2539 1621 2612 κωφὸν
1694 2540 2071 2621 corruptum
2142 2539 2238 2599 est
2307 2534 2476 2620 apud
2547 2534 3020 2620 Thucydidem.

632 2639 836 2706 Tanta
872 2647 969 2706 est
1006 2643 1074 2706 in
1112 2644 1431 2709 erroribus
1470 2642 1719 2708 errandi
1754 2643 2112 2706 constantia
2128 2688 2145 2717 ,
2185 2646 2261 2706 ut
2301 2642 2572 2705 minime
2610 2642 2910 2725 iniquum
2937 2641 3026 2706 sit

633 2747 953 2832 postulare
998 2749 1169 2834 quod
1217 2747 1491 2815 Cobetus
1540 2746 1894 2834 postulavit
1939 2749 2007 2810 in
2056 2745 2264 2811 Variis
2313 2745 2726 2812 Lectionibus
2771 2768 2835 2830 p.
2865 2744 3020 2811 514.

726 2850 919 2919 GVH.
988 2853 1149 2918 Ibid.
1197 2854 1305 2919 VI.
1373 2853 1434 2919 3.
1463 2854 1538 2918 5:
1612 2855 1663 2917 εἰ
1731 2853 1793 2917 δὲ
1859 2853 1930 2927 33,
1997 2852 2099 2915 καὶ
2167 2854 2719 2930 ὁμογνωμονοῖμεν,
2787 2852 2894 2917 οὐκ
2943 2850 3023 2917 ἂν

636 2956 802 3021 πάνυ
848 2962 965 3023 τῶν
1014 2959 1449 3033 θαυμαςῶν
1497 2958 1586 3034 εἴη
1636 2960 1725 3034 μὴ
1766 2958 1993 3036 εἰρήνην
2035 2959 2367 3035 toreio-oxu
2417 2958 2634 3043 Magis
2672 2957 2789 3022 hoc
2828 2956 3026 3023 fuerit

635 3061 753 3127 τῶν
800 3064 1294 3139 θαυμασίων.
1357 3064 1507 3131 Noli
1556 3064 1808 3129 credere
1853 3067 2022 3129 inter
2067 3064 2222 3129 haec
2269 3063 2582 3130 adiectiva
2630 3084 2862 3148 parum
2908 3068 3026 3129 aut

634 3168 799 3233 nihil
858 3171 1177 3235 interesse.
1242 3168 1479 3235 Scribit
1534 3170 1922 3234 Plutarchus
1985 3169 2220 3235 Moral.
2283 3192 2346 3255 p.
2401 3166 2530 3236 974
2557 3168 2654 3237 D:
2716 3165 2892 3244 ἧττον
2956 3168 3022 3233 δὲ

635 3279 848 3339 ταῦτα
910 3259 1245 3353 θαυμαςοὶ,
1312 3276 1533 3355 καίπερ
1595 3272 1762 3338 ὄντα.
1803 3276 2145 3350 θαυμάσια.
2196 3273 2640 3359 Xenophontis
2685 3273 2906 3345 locum
2951 3275 3025 3337 in

634 3380 911 3446 Anabasi
958 3378 1237 3446 Oobetus
1283 3383 1554 3447 correxit
1601 3382 1827 3444 Mnem.
1884 3379 2058 3447 1858
2104 3364 2320 3466 p.'19.
2369 3380 2598 3456 Recte,
2650 3381 2776 3443 nisi
2815 3376 3023 3455 fallor,

634 3488 817 3553 brevi
879 3486 1220 3559 intervallo
1283 3493 1631 3572 utrumque
1691 3487 2086 3553 adiectivum
2145 3484 2390 3571 legitur
2452 3485 2621 3570 apud
2683 3484 3024 3550 Platonem

637 3592 865 3679 Symp.
913 3615 977 3679 p.
1028 3593 1161 3659 220
1186 3594 1259 3670 Β,
1323 3593 1431 3658 sed
1486 3592 1780 3678 displicet
1824 3614 1885 3677 p.
1939 3591 2067 3657 221
2096 3587 2179 3655 O:
2233 3591 2445 3655 πολλοὶ
2492 3590 2607 3668 μὲν
2657 3586 2752 3655 οὖν
2798 3588 2876 3652 ἄν
2924 3612 3024 3661 τις

638 3700 740 3767 καὶ
790 3697 967 3762 ἄλλα
1018 3697 1150 3777 ἔχοι
1202 3698 1495 3777 Σωκράτη
1540 3700 1863 3761 ἐπαινέσαι
1907 3696 2011 3760 καὶ
2064 3694 2512 3769 θαυμάσια.
2560 3694 2636 3758 In
2676 3693 3024 3761 Theaeteto

637 3802 716 3869 ad
761 3802 999 3871 calcem
1045 3804 1318 3881 μεγάλοι
1369 3804 1472 3869 καὶ
1538 3802 1985 3881 θαυμάσιοι
2041 3800 2250 3880 ἄνδρες
2299 3801 2618 3879 dicuntur,
2669 3794 2792 3866 ubi'
2825 3800 3028 3865 Hein-

638 3908 871 3975 dorfius
930 3915 1098 3974 recte
1158 3909 1396 3975 maluit
1442 3910 1645 3985 θαυμ
1664 3934 1704 3971 α
1725 3931 1806 3975 ςο
1825 3907 1848 3971 ι’
1863 3956 1880 3985 ,
1930 3907 2039 3973 sed
2087 3905 2514 3972 Stallbaumio
2562 3908 3021 3971 correctionem

636 4016 901 4101 probare
959 4035 1082 4078 non
1145 4018 1379 4101 potuit.
1444 4013 1684 4081 Contra
1740 4016 1810 4077 in
1871 4012 2095 4078 eodem
2159 4011 2413 4097 dialogo
2474 4034 2539 4097 p.
2593 4009 2724 4077 154
2750 4011 2803 4075 B
2857 4014 3028 4076 θαυ-

637 4120 863 4198 μαςοί
910 4145 981 4186 τε
1028 4122 1131 4185 καὶ
1182 4130 1441 4198 γελοῖα,
1490 4119 1680 4207 longe
1724 4118 1953 4184 malim
2001 4118 2454 4193 θαυμάσια.

729 4224 953 4293 CVIII.
1038 4225 1199 4292 Ibid.
1260 4225 1366 4290 VI.
1433 4224 1493 4290 3.
1527 4225 1643 4291 lO:
1719 4223 2138 4301 ἐγγεγένηται
2215 4224 2658 4301 ἁμαρτήματα
2719 4222 2822 4288 καὶ
2889 4224 3024 4303 ἀφ’

641 4334 807 4406 ἡμῶν
854 4332 956 4396 καὶ
1007 4333 1143 4412 αἰψ’
1190 4333 1374 4410 ὑμῶν.
1423 4330 1629 4411 Quam
1674 4333 1875 4395 miror
1922 4328 2053 4394 oin-d
2097 4350 2211 4414 pro
2263 4327 2380 4393 ὑπό
2428 4335 2834 4413 usurpatum.

732 4436 900 4509 CIX.
948 4438 1107 4505 Ibid.
1156 4438 1263 4505 VI.
1316 4438 1376 4507 3.
1410 4438 1529 4504 10:
1581 4438 1816 4503 δοκοῦσι
1857 4436 1920 4503 δέ
1961 4461 2062 4514 μοι
2109 4436 2212 4501 καὶ
2255 4434 2795 4517 εὐπορώτεροι
2841 4435 3028 4503 ἐνίοτε
