3351 5463
688 387 817 453 164
1557 402 2200 451 666661111611666111

685 572 886 653 χωρία
952 570 1242 652 φέρεσθαι
1308 570 1507 648 μόνον,
1556 572 1622 635 οὐ
1670 572 1790 646 μὴν
1840 569 2036 642 οἰκίαις
2087 570 2120 645 ἢ
2170 570 2348 635 ἄλλα
2398 571 2797 652 πράγματα,
2848 579 3065 637 tamen

686 702 759 745 ea
821 684 1070 744 constat
1131 678 1289 743 olim
1348 680 1417 741 in
1466 698 1728 742 censum
1777 678 2008 743 deferri
2055 676 2245 742 solita
2277 678 2344 757 ι),
2401 682 2598 743 etiam
2643 682 2722 744 iis
2769 682 3067 764 tempori-

682 787 804 850 bus
826 832 841 861 ‚
904 784 1137 868 quibus
1198 783 1575 847 conderetur
1629 780 1842 848 Codex
1890 782 2400 866 Τ116611661611116,
2450 804 2654 868 (11111111
2700 791 2867 849 esset
2913 806 3064 849 cum

684 911 986 977 agrorum
1044 888 1285 953 tributo
1346 887 1579 953 collata
1640 888 1859 969 emiqua
1905 890 2324 973 quodammodo
2371 910 2597 955 eorum
2628 890 2962 971 pensitatio
2989 890 3065 970 ²).

682 997 855 1077 Quae
903 1016 1104 1080 quum
1149 998 1241 1059 ita
1287 998 1452 1071 sint,
1499 1015 1623 1058 non
1672 1001 1886 1058 tamen
1939 1014 2126 1058 omne
2173 994 2508 1079 praedium
2555 996 2854 1072 defertur,
2903 1017 3066 1080 quae
3139 1082 3154 1093 ι
3190 1012 3200 1021 ·

682 1104 995 1168 sententia
1040 1122 1162 1165 non
1209 1103 1487 1184 pertinet
1534 1100 1613 1163 ad
1658 1102 2147 1164 immunitatem
2189 1100 2587 1184 quarundam
2626 1122 3064 1186 personarum,

679 1207 1203 1272 immunitatibus
1288 1208 1462 1270 enim
1547 1208 1814 1269 remotis
1904 1205 2112 1270 adhuc
2195 1206 2622 1291 distinguitur
2699 1211 2870 1273 inter
2949 1215 3068 1271 ter-

680 1336 783 1375 ras
814 1310 863 1391 3)
927 1312 1031 1376 vel
1092 1311 1374 1393 aedificia
1399 1311 1472 1390 ⁴),
1538 1331 1700 1394 quae
1763 1313 1890 1375 sint
1954 1310 2216 1373 censibus
2277 1312 2573 1392 obbiqata,
2623 1318 2688 1377 et
2734 1334 2893 1397 quae
2938 1335 3067 1377 non

680 1420 811 1483 sint
827 1438 843 1494 3
892 1416 1154 1502 proinde
1190 1419 1359 1479 inter
1384 1438 1777 1497 possessorem
1815 1415 2126 1478 obnoxium
2167 1464 2180 1478 .
2213 1464 2226 1478 .
2258 1464 2272 1480 .
2307 1464 2321 1480 .
2349 1417 2634 1499 publicae
2657 1419 2980 1503 functioni
3007 1421 3063 1499 ⁵)

682 1531 744 1587 et
807 1544 932 1586 non
977 1522 1343 1589 obnoxium.
1408 1519 1714 1584 Aedificia
1763 1541 1888 1604 quo
1939 1520 2307 1585 discrimine
2357 1523 2649 1587 censibus
2683 1504 3068 1608 ⁶obligentur

678 1649 909 1704 necne,
976 1648 1097 1691 non
1159 1626 1396 1710 liquet3
1448 1626 1611 1690 circa
1657 1631 1860 1690 terras
1907 1626 2080 1689 haud
2125 1628 2386 1710 perinde
2436 1628 2750 1713 impedita
2794 1650 2894 1694 res
2940 1635 3061 1693 est.

680 1734 1053 1818 Exiguntur
1091 1734 1265 1796 enim
1305 1737 1464 1795 teste
1490 1731 1542 1811 ⁰)
1582 1729 1956 1807 Theodosio,
1997 1732 2163 1796 Nov.
2213 1734 2286 1794 de
2329 1732 2732 1796 albavionibus
2764 1736 2906 1813 (tit.
2934 1734 3068 1797 XX

678 1862 731 1904 c.
788 1840 869 1921 1),
935 1858 1095 1923 quae
1158 1842 1409 1921 recepta
1470 1842 1567 1901 est
1628 1838 1696 1899 in
1746 1834 2045 1902 Codicem
2095 1842 2172 1915 (6.
2225 1836 2263 1901 3
2314 1835 2383 1903 C.
2438 1834 2498 1902 ’7.
2526 1836 2660 1918 41),
2709 1839 3067 1924 exiguntur

674 1948 882 2031 igitur
948 1965 1173 2009 eorum
1243 1964 1546 2028 agrorum
1614 1942 1972 2006 functiones
1990 1989 2007 2017 ‚
2081 1944 2193 2026 (1111
2260 1943 2586 2024 separatim
2653 1945 3067 2027 oensemjntur

675 2051 866 2130 (Nov.
918 2053 1025 2114 cit.
1082 2049 1231 2133 §2),
1291 2048 1359 2111 id
1407 2054 1502 2111 est
1530 2040 1888 2131 fertilium,
1939 2047 2015 2114 de
2051 2048 2388 2128 paludibus
2436 2052 2610 2113 enim
2659 2049 2766 2115 vel
2804 2050 3063 2132 pascuis

674 2157 994 2219 tributum
1058 2154 1220 2218 solvi
1282 2158 1506 2239 negat,
1572 2173 1734 2236 quae
1797 2152 2240 2237 possideantur
2299 2153 2430 2216 sine
2477 2177 2652 2217 censu
2672 2203 2688 2232 ‚
2740 2160 2815 2218 ut
2861 2158 3066 2220 vertit

673 2262 1008 2346 Interpres.
1059 2259 1507 2324 Labefactatur
1554 2258 1817 2342 quidem
1865 2265 2222 2344 augustum
2273 2262 2721 2325 testimonium
2768 2282 2841 2325 eo
2890 2262 3066 2346 quod

674 2368 917 2453 legitur
976 2369 1043 2429 in
1104 2364 1523 2450 Digestorum
1579 2363 1854 2427 formula
1902 2365 2186 2429 censuali
2211 2366 2294 2443 ⁷):
2346 2386 2578 2450 pascua
2629 2366 2894 2444 deferri,
2942 2388 3065 2431 nec

673 2480 889 2538 tamen
939 2494 1127 2537 omne
1174 2473 1503 2547 evertitur,
1548 2473 1698 2555 quia
1735 2474 1948 2555 potuit
1985 2471 2066 2535 ad
2107 2476 2309 2535 certas
2348 2475 2710 2556 provincias
2748 2476 3063 2559 respicere

673 2578 1087 2644 Theodosius.
1139 2578 1374 2642 Errant
1419 2579 1591 2640 enim
1610 2624 1627 2653 ,
1670 2597 1945 2660 quorum
1984 2582 2081 2641 est
2117 2579 2330 2661 opinio
2373 2577 2451 2642 ab
2489 2576 2794 2663 Augusto
2839 2580 3064 2643 orbem

673 2686 1036 2752 Romanum
1098 2686 1429 2750 communi
1490 2703 1713 2748 census
1773 2682 2086 2748 formulae
2151 2683 2512 2749 subiectum
2569 2705 2703 2749 6666
2727 2690 2801 2763 3),
2851 2706 3062 2770 quum

739 2961 793 3022 1)
834 2961 903 3006 De
940 2958 1139 3021 antiquo
1174 2967 1315 3005 6611611
1351 2955 1562 3004 dubitari
1597 2971 1692 3005 11611
1730 2957 1846 3005 sinit
1881 2956 1956 3004 lex
1991 2972 2090 3019 agr.
2121 2957 2262 3004 inser.
2302 2959 2392 3018 (vs.
2425 2959 2495 3022 8).
2532 2987 2586 2994 -—
2621 2960 2835 3007 Secundo
2862 2976 2908 3024 p.
2940 2961 3064 3011 Chr.

672 3041 860 3089 saeculo
908 3039 955 3088 et
990 3055 1074 3103 per
1112 3039 1383 3101 Aegyptum
1422 3037 1694 3094 (Wilcken,
1735 3037 2172 3101 Sitzunysberichte
2204 3039 2290 3087 der
2321 3041 2416 3102 kyl.
2450 3043 2626 3102 prbuss.
2663 3043 2820 3090 Alcad.
2857 3043 2943 3091 der
2985 3044 3062 3093 W.

673 3125 803 3172 1883
850 3123 870 3169 1
920 3137 967 3185 p.
1016 3120 1259 3183 897-920)
1309 3119 1355 3167 et
1403 3135 1489 3182 per
1535 3119 1806 3184 provincias
1853 3121 2058 3180 (3111116,
2109 3121 2249 3168 Font.
2301 3122 2474 3184 (1893)
2521 3139 2599 3171 110.
2636 3124 2732 3170 108
2769 3138 2835 3172 vs.
2875 3125 3062 3190 15s16)

670 3204 882 3253 aedificia
916 3202 1265 3251 deferebantur.
1314 3203 1404 3249 Sed
1439 3217 1533 3272 per¹
1557 3203 1826 3265 Aegyptum
1863 3201 2090 3261 fortasse,
2127 3204 2181 3250 ut
2217 3206 2483 3263 constaret,
2522 3221 2608 3269 per
2640 3221 2780 3268 quem
2818 3204 3061 3256 tributum

666 3287 838 3352 capitis
887 3286 1170 3349 exigendum
1221 3288 1341 3333 esset
1396 3284 1477 3347 (cf.
1524 3285 1698 3332 Mittit.
1748 3299 1836 3332 aus
1880 3277 1965 3332 der
2001 3287 2195 3334 Samml.
2231 3286 2413 3334 Rainer
2448 3287 2473 3335 I
2509 3303 2555 3350 p.
2594 3289 2726 3348 263).
2774 3287 2946 3352 Itaque
2981 3305 3062 3338 166

667 3370 794 3418 redit
829 3370 888 3418 ad
924 3368 1166 3417 Andueiae
1202 3367 1405 3415 Batonis
1438 3366 1782 3414 testimonium.

734 3453 783 3512 2)
830 3467 869 3498 6.
908 3453 937 3498 3
985 3450 1037 3497 C.
1075 3449 1162 3497 Th.
1208 3448 1381 3500 11.20.
1433 3474 1492 3484 --
1541 3448 1612 3495 Cf.
1650 3451 1899 3511 praeterea
1936 3448 2253 3511 Marquardt,
2291 3455 2408 3497 rom.
2444 3451 2743 3499 Staatsveno.
2780 3451 2834 3499 II
2871 3453 3057 3517 (1884)

665 3549 710 3595 p.
759 3532 905 3590 236²,
954 3531 1066 3579 licet
1110 3530 1369 3578 confundat
1414 3529 1784 3592 significationes
1825 3529 1956 3577 vocis
2001 3531 2186 3589 domus,
2233 3545 2326 3593 11116
2375 3531 2450 3580 vel
2483 3532 2780 3595 significatur
2815 3533 3056 3584 habitatio

665 3612 1060 3675 uniuscuiusque,
1096 3611 1172 3659 vel
1205 3610 1415 3668 familia,
1455 3610 1527 3658 vel
1562 3610 1923 3675 patrimonium.

732 3692 791 3757 3)
827 3709 867 3741 c.
903 3692 966 3742 28
1002 3694 1055 3740 C.
1089 3692 1177 3741 Th.
1216 3693 1359 3740 11.1.

729 3777 783 3836 4)
818 3790 859 3823 c.
881 3775 958 3822 ,41
997 3775 1048 3823 Ο.
1085 3774 1173 3822 Th.
1215 3774 1290 3821 15.
1314 3776 1357 3822 1.

732 3859 781 3919 5)
814 3872 855 3904 6.
894 3856 957 3905 36
994 3856 1046 3904 C.
1082 3854 1169 3903 Th.
1208 3855 1354 3903 11.1.

713 3935 785 4004 B)
822 3937 959 3987 Idem
994 3937 1095 3986 sine
1130 3939 1249 3984 teste
1283 3935 1367 3986 alii
1401 3936 1649 3996 dixerunt,
1685 3939 1821 4001 1111661
1854 3954 1940 4005 per
1973 3955 2022 3988 66
2055 3940 2360 4004 perspicuum
2392 3945 2528 3990 esset.

730 4019 778 4081 7)
823 4020 875 4068 L.
912 4020 945 4066 4
981 4035 1051 4083 pr.
1092 4021 1147 4067 D.
1196 4019 1394 4067 50.15..
1426 4045 1492 4055 —-·
1540 4019 1613 4068 Cf.
1650 4021 1894 4084 Symrbm.
1927 4022 2144 4071 Rechtsb.
2180 4025 2234 4072 L.
2270 4024 2452 4084 §1213
2465 4024 2598 4134 apud
2633 4024 2884 4088 Hyginum
2917 4027 3050 4078 enim

660 4118 750 4151 vox
775 4117 985 4166 pascuae
1019 4101 1171 4149 videri
1208 4104 1366 4164 potest
1400 4101 1660 4164 irreptitia.
1714 4102 1786 4151 cf.
1821 4103 2110 4152 Feldmesser
2147 4104 2203 4152 11
2239 4121 2285 4168 p.
2324 4106 2482 4154 318²·

728 4185 783 4244 8)
820 4182 1046 4230 Invenire
1080 4181 1169 4229 eibi
1204 4181 1331 4230 visus
1365 4185 1468 4229 erat
1496 4198 1794 4231 communem
1822 4199 1988 4232 66116116
2019 4185 2274 4233 formulam
2305 4189 2597 4248 Augusteum
2618 4187 2848 4236 Huschke
2867 4189 3050 4253 (Ueber

657 4267 749 4314 den
796 4264 969 4314 Census
1003 4262 1176 4323 (1847)
1208 4279 1252 4326 p.
1291 4263 1378 4323 86)
1408 4263 1533 4328 apud
1568 4242 1831 4328 Ulpianum
1869 4265 1902 4312 l.
1931 4267 1963 4312 4
2002 4268 2058 4316 D.
2091 4267 2170 4313 50
2193 4268 2270 4314 15.
2306 4266 2520 4316 Addebat
2548 4272 2709 4316 tamen
2740 4285 3045 4322 communem

658 4362 763 4396 66111
797 4345 1056 4395 formulam
1090 4344 1236 4392 fuisse
1276 4345 1367 4392 im
1408 4342 1652 4404 Ganzenffi
1690 4345 1722 4394 i.
1747 4361 1787 4393 e.
1824 4345 1968 4395 salvis
2001 4347 2308 4409 quibusdam,
2345 4350 2462 4412 quin
2489 4349 2637 4398 immo
2667 4351 2840 4400 multis
2867 4353 3046 4412 (Ueber

656 4431 745 4478 den.
796 4445 837 4478 z.
886 4429 935 4475 Z.
984 4428 1068 4474 der
1118 4425 1293 4474 Geburt
1337 4427 1453 4474 Jesu
1488 4427 1774 4489 qehaltenen
1823 4427 1992 4476 Census
2027 4429 2201 4489 (1840)
2237 4445 2282 4494 p.
2323 4431 2425 4493 59),
2472 4431 2588 4494 quin
2623 4432 2786 4496 potius
2819 4434 3045 4484 omnibus

656 4511 833 4575 (Uehsr
864 4511 955 4558 den
991 4508 1160 4558 Census
1192 4507 1365 4569 (1847)
1401 4523 1447 4572 p.
1482 4509 1547 4556 45
1574 4509 1669 4574 611.)
1707 4507 2004 4558 differentiis.
2044 4510 2185 4574 Quod
2219 4511 2368 4575 magis
2404 4513 2666 4577 prudenter
2700 4513 2882 4565 dictum
2914 4520 3037 4581 puto
