3351 5463
601 368 734 436 3¹72
1631 389 1954 436 KEPMATA.

602 554 904 633 Pheraei,
975 575 1139 639 quae
1201 555 1427 621 fratres
1487 574 1637 620 suos
1692 556 1763 620 in
1806 552 2171 619 thalamum
2214 558 2501 633 vocarat,
2528 560 2627 632 ,ut
2670 557 2989 621 maritum

601 661 1082 739 obtruncarent,
1143 660 1299 726 ibid.
1362 658 1468 725 VI.
1519 659 1581 725 4.
1611 658 1719 725 36.
1782 660 2011 725 Adstat
2070 659 2188 726 illa
2241 661 2399 726 dum
2446 658 2607 746 opus
2652 664 2991 749 peragitur

601 772 781 859 extra
847 766 1209 833 thalamum
1269 772 1330 831 et
1395 767 1805 832 ἐπισπάσασα
1868 769 1977 842 τὴν
2041 765 2222 846 θύραν
2285 765 2493 847 εἴχετο
2550 772 2658 832 τοῦ
2704 768 2985 849 ῥόπτρου,

602 870 740 946 ἔας’
773 874 1073 939 ἀπέθανεν
1136 874 1162 937 ὅ
1227 874 1396 952 οὶνήρ.
1454 872 1747 955 Fortasse
1812 871 2141 937 thalamus
2204 875 2598 938 extrinsecus
2641 894 2723 939 ne
2769 875 2988 959 potuit

603 980 865 1065 quidem
915 978 1161 1057 claudi3
1212 979 1478 1044 fortasse
1526 977 1725 1043 clavis
1772 998 1896 1042 non
1942 982 2080 1043 erat
2122 977 2203 1043 ad
2246 998 2477 1044 manus
2491 998 2508 1056 ;
2560 984 2727 1044 certe
2774 1000 2991 1064 pessu-

521 1110 525 1115 ·
599 1085 743 1151 lum
803 1106 930 1151 non
991 1085 1255 1151 obdidit.
1320 1084 1543 1169 Itaque
1605 1083 2024 1149 ἐπισπάσασα
2087 1087 2197 1159 την
2258 1085 2433 1162 θύραν
2494 1084 2767 1150 firmiter
2814 1088 2991 1149 tenet

603 1191 671 1257 τὸ
735 1190 1005 1271 ῥόπτρον,
1068 1212 1146 1256 ne
1205 1194 1481 1255 maritus
1528 1189 1698 1255 elabi
1743 1192 1967 1274 possit.
2013 1189 2172 1255 Erat
2216 1192 2425 1276 igitur
2468 1192 2661 1256 ianua
2706 1190 2991 1273 apposita

600 1317 726 1377 non
772 1296 1019 1374 clausa,
1071 1294 1418 1376 προσέκειτο
1466 1297 1499 1369 ἧ
1552 1294 1698 1374 θύρα
1746 1299 1824 1359 ut
1870 1291 2099 1360 Graeci
2141 1295 2510 1380 loquuntur.
2558 1295 2750 1381 Apud
2785 1296 2993 1387 Hero·

602 1401 828 1466 dotum
871 1401 966 1468 III
1016 1398 1121 1479 78,
1171 1407 1514 1487 postquam
1559 1404 1807 1486 septem
1854 1401 2167 1466 coniurati
2214 1406 2754 1486 supervenerunt,
2808 1402 2993 1486 magi

603 1506 878 1594 effugere
940 1512 1247 1571 conantur
1291 1511 1355 1571 et
1405 1505 1566 1571 alter
1615 1504 2016 1585 καταφεύγει
2066 1507 2126 1577 ἐς
2173 1507 2275 1570 τὸν
2324 1505 2605 1582 θάλαμον
2654 1505 2837 1571 θέλων
2884 1506 2995 1570 αύ-

603 1617 710 1678 τοῦ
770 1613 1108 1692 προσθεῖναι
1172 1610 1286 1683 τας
1353 1612 1554 1691 θύρας.
1628 1610 1948 1676 Similiter
2011 1607 2398 1677 Plutarchus
2458 1614 2529 1675 in
2593 1610 2738 1676 Vita
2794 1610 2997 1677 Mar-ii

604 1741 656 1785 c.
709 1716 838 1785 38.
880 1718 1141 1783 Etenim
1201 1720 1463 1781 ianuam
1523 1718 1650 1781 nisi
1722 1715 2150 1794 προσκειμένην
2206 1716 2499 1782 claudere
2543 1738 2669 1783 non
2715 1719 2992 1803 poteris,

605 1824 1006 1903 προσκειμένη
1077 1845 1204 1889 non
1269 1826 1620 1888 necessario
1691 1822 1907 1887 clausa
1976 1828 2089 1888 est.
2153 1823 2402 1889 Notum
2462 1822 2832 1909 exemplum
2894 1827 2997 1889 est

603 1929 773 2016 apud
811 1930 1075 2016 Lysiam
1113 1929 1192 1994 de
1231 1926 1437 1997 Caede
1473 1928 1918 2009 Eratosthenis
1956 1928 2138 2013 §132
2192 1930 2383 2003 έκεΙνη
2434 1928 2495 1995 δὲ
2544 1932 2838 1998 αναςᾶσα
2882 1925 2991 1993 καὶ

604 2021 890 2102 ἐπιοῦσα
926 2033 1274 2112 προστίθησι
1326 2037 1430 2107 τὴν
1481 2035 1662 2115 θύραν
1712 2034 2191 2114 προσποιουμένη
2242 2033 2485 2115 παίζειν
2524 2036 2628 2099 καὶ
2672 2037 2781 2110 την
2821 2043 2996 2101 κλεῖν

605 2140 968 2225 ἐφέλκεται.
1031 2140 1155 2205 Sed
1215 2139 1470 2205 Phaedo
1488 2188 1503 2217 ,
1567 2142 1681 2225 qui
1741 2140 2093 2231 secundum
2140 2132 2498 2227 Diogenem
2542 2140 2877 2206 Laertium
2924 2140 2991 2205 H

605 2246 796 2333 §105
847 2245 1205 2323 ἠναγκάσθη
1254 2254 1432 2321 ςῆναι
1484 2246 1580 2309 ἐπ’
1626 2246 1997 2325 οἰκήματος,
2040 2236 2288 2312 ‘solebat
2335 2246 2403 2310 τὸ
2450 2247 2638 2327 θύριον
2686 2245 2995 2327 προστιθέ-

605 2375 738 2430 ναι,
788 2349 864 2417 ut
911 2358 1128 2437 posset
1177 2351 1536 2432 Σωκράτους
1586 2351 1916 2429 μετέχειν·
1968 2357 2185 2417 tamen
2230 2358 2426 2418 noctu
2472 2358 2663 2439 atque
2706 2352 2995 2418 interdiu

605 2460 769 2525 fores
816 2460 1209 2524 amatoribus
1255 2442 1508 2543 semper
1553 2457 1876 2542 patebant.
1923 2458 1984 2524 Ν
1986 2480 2110 2523 unc
2156 2459 2234 2524 ad
2279 2458 2611 2525 Hellenica
2654 2460 2993 2525 redeamus

607 2571 672 2631 et
715 2566 1050 2631 videamus
1097 2565 1252 2649 quid
1297 2564 1554 2629 tandem
1603 2569 1897 2629 narretur
1942 2564 2016 2629 V.
2064 2566 2129 2629 4.
2160 2564 2220 2632 7.
2266 2564 2606 2652 Phyllidas
2652 2587 2803 2631 cum
2850 2586 2997 2631 con-

609 2674 840 2737 iuratis
903 2676 1330 2757 perrumpunt
1390 2673 1458 2735 in
1524 2671 1794 2736 domum
1838 2669 2205 2737 Leontiadis
2252 2692 2527 2757 eumque
2573 2672 2957 2738 obtruncant
2972 2690 2993 2750 ,·

607 2777 831 2844 deinde
870 2800 1020 2843 cum
1057 2779 1328 2855 abeunt,
1371 2774 1541 2842 εἶπον
1580 2780 1690 2849 τὴν
1733 2777 1912 2855 θύραν
1952 2778 2471 2842 κεκλεῖσθαι·
2516 2779 2567 2844 εἰ
2611 2777 2674 2842 δὲ
2697 2779 2993 2856 λήψοιντο

606 2882 1015 2963 ἀνεῳγμένην,
1079 2884 1440 2948 ἀποκτεῖναι
1508 2883 1851 2957 ἠπείλησαν
1902 2880 2195 2952 ἅπαντας
2246 2882 2384 2954 τοὺς
2436 2884 2497 2946 ἐν
2541 2893 2618 2960 τῇ
2668 2884 2849 2963 οἰκίᾳ.
2896 2881 2994 2947 De

605 2989 726 3053 hoc
771 2988 912 3054 loco
959 2987 1304 3073 diligenter
1349 2991 1486 3074 egit
1529 2987 1875 3054 Holwerda
1920 2994 1989 3054 et
2032 2988 2305 3074 explosis
2344 2988 2489 3053 aliis
2526 2989 2993 3054 tentaminibus

604 3096 699 3159 ita
741 3094 989 3179 pergit:
1043 3092 1437 3171 ‚,Verterim:
1485 3096 1814 3158 iusserunt
1850 3097 2111 3159 ianuam
2151 3094 2469 3160 occlusam
2508 3115 2768 3160 manere
2786 3143 2803 3171 ‚
2844 3092 2989 3158 vel:

603 3202 1039 3285 imperarunt,
1111 3204 1189 3264 ut
1255 3202 1448 3266 ianua
1507 3199 1759 3266 occlusa
1818 3206 2123 3265 maneret.
2188 3200 2610 3265 Verissimum
2672 3201 2795 3264 hoc
2854 3220 2995 3265 esse

605 3307 906 3371 continuo
971 3299 1298 3392 intelliges
1317 3355 1334 3383 ‚
1397 3309 1454 3370 si
1514 3309 1917 3391 reputaveris
1974 3305 2349 3392 Phyllidam
2411 3311 2475 3370 et
2534 3307 2648 3389 qui
2704 3326 2857 3370 cum
2916 3326 2991 3371 eo

605 3418 818 3489 erant,
886 3419 1014 3485 τοῖς
1079 3415 1139 3476 ἐν
1201 3422 1278 3493 τῇ
1341 3413 1501 3494 οέκιά
1563 3435 1690 3478 non
1752 3412 2020 3476 dixisse:
2088 3412 2121 3485 ἦ
2174 3410 2319 3490 θύρα
2366 3412 2703 3491 κέκληται,
2754 3411 2867 3476 sed
2910 3414 2995 3477 iis

605 3516 1020 3583 acclamasse:
1087 3521 1120 3593 ἦ
1179 3501 1328 3598 θύρα
1377 3517 1753 3599 κεκλῄσθω.”
1802 3517 1947 3599 Non
1993 3520 2230 3603 poterit
2273 3509 2539 3593 melius,
2589 3519 2648 3580 si
2691 3517 2846 3582 haec
2892 3521 2992 3581 est

600 3627 744 3709 ipsa
803 3624 1247 3708 Xenophontis
1308 3643 1556 3704 manus.
1619 3623 1746 3688 Sed
1808 3622 2101 3708 displicet
2160 3622 2639 3708 simplicissima
2697 3643 2801 3688 res
2848 3628 2989 3687 tam

602 3734 888 3794 contorte
945 3732 1282 3794 enunciata
1297 3777 1314 3806 ,
1375 3749 1490 3794 nec
1545 3728 1924 3794 crediderim
1968 3731 2335 3793 coniuratos
2380 3729 2776 3792 extrinsecus
2822 3727 2991 3792 fores

604 3837 890 3919 potuisse
948 3834 1238 3899 claudere
1297 3841 1364 3899 et
1381 3883 1398 3912 ,
1471 3837 1526 3899 si
1585 3835 1904 3916 fecerunt,
1968 3855 2229 3919 prorsus
2286 3833 2607 3898 inutiliter
2660 3833 2987 3911 fecerunt,

601 3960 751 4004 nam
820 3943 978 4005 satis
1047 3946 1184 4005 erat
1251 3940 1651 4018 προστιθέναι.
1722 3939 1848 4018 Qui
1910 3960 1989 4004 no
2000 3942 2093 4004 vit
2153 3941 2649 4025 praepositiones
2712 3941 2859 4016 πρὸς
2920 3944 2991 4004 et

603 4045 773 4110 κατά
837 4048 1212 4131 saepissime
1271 4046 1574 4110 confundi
1589 4093 1606 4123 ,
1672 4045 1971 4110 concedet
2031 4043 2261 4108 leniter
2303 4046 2539 4130 corrigi
2584 4065 2771 4129 posse
2816 4041 2989 4108 εἶπον

601 4153 712 4225 τὴν
759 4153 944 4230 θύραν.
987 4152 1540 4231 προσκεῖσθαι.

695 4255 982 4323 CXVIII.
1052 4258 1214 4323 Ibid.
1264 4256 1370 4321 VI.
1422 4255 1484 4322 5.
1511 4256 1588 4321 4:
1647 4258 1943 4331 ἡγοῦντο,
1993 4255 2045 4318 εἲ
2094 4258 2275 4318 τοῦτο
2320 4251 2465 4318 ἄνευ
2509 4264 2621 4328 τῆς
2671 4254 2989 4334 σφετέρας

603 4361 852 4440 γνώμης
901 4360 1203 4441 ἔσοιτο,
1252 4362 1540 4443 χαλεπὸν
1589 4361 1851 4425 ἔσεσθαι.
1900 4357 2113 4422 Malo:
2160 4357 2505 4435 γένοιτο.

695 4467 928 4535 CXIX.
999 4469 1162 4534 Ibid.
1213 4468 1318 4534 Vl.
1370 4466 1431 4532 5.
1463 4467 1582 4532 12:
1646 4465 1821 4546 εὑρὼν
1881 4464 1999 4535 τὰς
2048 4472 2357 4540 γυναῖκας
2405 4464 2509 4528 καὶ
2556 4465 2701 4537 τοὺς
2750 4465 2996 4537 παῖδας
