3351 5463
646 339 733 409 Ι70
1353 321 1359 328 ’
1652 361 2028 410 nuoannus.

642 547 738 591 νε.
787 523 914 590 199
963 524 1216 609 denique
1265 573 1280 590 .
1310 574 1324 591 .
1356 574 1370 590 .
1887 547 1981 592 vs.
2012 526 2144 591 238
2188 527 2449 613 denique
2497 578 2511 593 .
2541 580 2553 595 .
2585 576 2601 593 .

642 651 737 697 νε.
783 631 917 698 208
952 638 1250 712 postremo
1303 680 1316 695 .
1348 680 1362 696 .
1395 680 1408 696 .
1888 654 1983 696 νε.
2012 633 2144 697 250
2180 641 2478 714 postremo
2530 683 2545 699 .
2577 685 2591 700 .
2623 683 2637 698 .

733 738 1040 801 Attamen
1108 739 1305 801 etiam
1322 747 1336 754 ⁴
1375 743 1474 802 est
1541 737 1999 802 dissimilitudo
2018 786 2034 814 ,
2080 739 2182 803 ad
2245 760 2438 824 quam
2504 740 2814 805 referendi
2878 744 3035 804 sunt

643 863 867 908 versus
915 845 1044 928 ipsi
1088 864 1246 928 quos
1293 843 1560 929 Brieger
1607 844 1871 909 seclusit
1920 842 2301 910 205-207,

736 946 1076 1014 Conclusio
1120 949 1219 1012 bis
1265 951 1538 1033 repetita
1585 957 1649 1013 et
1697 954 1883 1013 aucta
1930 949 2194 1014 alterius
2244 949 2805 1015 demonstrationis
2854 951 3038 1015 abest

643 1057 712 1120 in
765 1057 1004 1139 priore,
1055 1055 1167 1120 ubi
1213 1054 1412 1119 semel
1458 1059 1717 1119 tantum
1764 1055 2084 1119 conclusio
2132 1054 2396 1141 legitur,
2446 1076 2641 1141 quam
2690 1076 2883 1141 supra
2930 1076 3039 1119 ex-

645 1162 890 1245 scripsi.
937 1159 1039 1222 Ex
1087 1157 1287 1223 altera
1331 1165 1511 1244 parte
1557 1162 1767 1246 igitur
1810 1181 1935 1224 non
1979 1159 2133 1224 licet
2178 1160 2255 1225 ad
2303 1164 2580 1245 priorem
2622 1160 2997 1226 concludere
3016 1209 3035 1238 ,

517 1337 526 1344 ‚
646 1264 814 1351 quod
842 1259 936 1331 'ad
980 1265 1142 1328 hanc
1186 1285 1324 1328 rem
1371 1268 1634 1342 attinet,
1685 1266 1876 1358 idque
1924 1287 1996 1330 eo
2044 1268 2257 1330 minus
2305 1266 2415 1331 illo
2462 1267 2651 1332 modo
2693 1288 2819 1352 quo
2861 1266 3042 1330 Brie-

646 1392 762 1457 ger
800 1371 984 1446 fecit,
1029 1391 1179 1433 cum
1221 1370 1865 1436 demonstraverimus
1906 1375 2297 1455 postremam
2335 1372 2518 1436 illam
2556 1371 3039 1437 conclusionem

646 1481 798 1555 (νεε.
863 1464 1251 1556 262—264')
1313 1478 1628 1560 pertinere
1692 1477 1772 1541 ad
1833 1484 2235 1561 postremum
2284 1485 2744 1564 argumentum
2794 1477 3036 1542 solum.

646 1579 980 1644 Praeterea
1052 1578 1219 1662 quod
1289 1579 1554 1666 Brieger
1623 1583 1715 1645 ait
1785 1581 2067 1666 capitulo
2132 1587 2285 1661 (νεε.
2342 1581 2726 1662 159-214)
2790 1585 3035 1646 iustam

647 1683 1005 1750 clausulam
1067 1684 1278 1749 deesse
1296 1733 1313 1762 ,
1376 1685 1443 1749 id
1504 1686 1666 1750 hanc
1730 1688 1807 1751 ob
1871 1707 2130 1778 causam
2190 1709 2316 1751 non
2362 1688 2559 1772 probo
2576 1736 2592 1764 ,
2650 1690 2799 1772 quia
2848 1693 3039 1772 poeta

647 1791 767 1855 hos
806 1809 1052 1854 versus
1114 1792 1435 1854 artissime
1479 1812 1630 1855 cum
1675 1791 1877 1856 altera
1923 1795 2477 1877 argumentatione
2524 1795 2855 1856 coniunxit
2902 1814 3044 1857 ver-

645 1898 746 1961 bis
791 1917 950 1982 quae
999 1902 1179 1960 sunt:
1231 1896 1413 1973 „Huc
1457 1897 1687 1960 accedit
1732 1904 1903 1974 cett„
1953 1917 2079 1982 quo
2127 1897 2371 1961 factum
2420 1902 2550 1974 est,
2594 1903 2671 1961 ut
2711 1896 2871 1961 duae
2915 1898 3041 1961 hae

650 2002 1218 2066 demonstrationes
1270 2022 1398 2066 una
1446 2001 1771 2066 habendae
1818 2005 1948 2066 sint
1994 2007 2060 2066 et
2104 2002 2195 2066 de
2214 2025 2293 2068 es
2312 2024 2391 2068 se
2410 2052 2426 2081 ‚
2478 2003 2822 2069 desiderari
2868 2002 3042 2068 clau-

649 2107 862 2172 sulam
909 2107 1036 2170 dici
1081 2127 1210 2170 non
1255 2105 1466 2171 liceat.
2027 2106 2034 2112 ’

741 2211 1029 2297 Denique
1067 2212 1189 2275 hoc
1228 2214 1423 2275 etiam
1464 2217 1562 2277 est
1597 2211 1989 2276 monendum
2027 2234 2249 2278 versus
2292 2211 2649 2279 205—207
2690 2219 2835 2299 post
2874 2212 3033 2291 214,

651 2318 762 2382 ubi
824 2317 930 2380 Br.
962 2343 967 2347 ·
994 2337 1100 2381 eos
1162 2315 1538 2395 collocavit,
1611 2320 1859 2382 iustum
1929 2318 2142 2384 locum
2215 2341 2340 2384 non
2410 2321 2641 2384 habere
2661 2368 2675 2395 ,
2751 2341 2902 2384 cum
2970 2321 3043 2383 in

650 2429 972 2508 postremo
1010 2428 1392 2509 argumento
1435 2444 1642 2487 sermo
1684 2426 1770 2502 sit
1810 2424 1886 2489 de
1927 2426 2115 2490 rebus
2164 2424 2537 2490 melioribus
2582 2425 2886 2490 faciendis
2904 2473 2921 2502 ‚
2970 2427 3044 2488 in

650 2529 861 2595 verbis
910 2534 1126 2594 tamen
1175 2527 1496 2593 clausulae
1545 2550 1706 2614 quae
1754 2536 1905 2595 sunt
1953 2531 2212 2608 „semine
2259 2533 2497 2616 quando
2536 2553 2683 2612 opus
2720 2538 2808 2594 est
2842 2532 3040 2607 rebm,

650 2658 761 2720 quo
832 2657 1093 2719 quaeque
1163 2641 1397 2696 creatae
1466 2635 1626 2697 aeris
1688 2635 1755 2697 in
1817 2642 2049 2698 teneras
2104 2637 2347 2717 possint
2395 2636 2747 2722 proferrier
2808 2635 3037 2698 aur-affl

651 2762 858 2805 sermo
907 2743 990 2804 sit
1039 2740 1116 2804 de
1162 2729 1381 2804 reru'm
1429 2744 1574 2804 ortu
1623 2747 1687 2803 et
1733 2743 2126 2805 incremento
2146 2789 2163 2818 ,
2229 2741 2305 2806 de
2353 2742 2587 2826 quibus
2634 2747 2823 2826 poeta
2870 2740 3043 2805 dixit

649 2848 718 2908 in
766 2846 1166 2930 argumentis
1214 2843 1752 2908 antecedentibus.
2910 2837 2914 2841 ’

741 2948 813 3013 Si
875 2950 1018 3032 quis
1081 2953 1299 3013 autem
1359 2955 1548 3034 rogat
1593 2952 1757 3013 sitne
1803 2952 1956 3015 haec
2003 2953 2177 3035 prior
2224 2950 2683 3016 demonstratio
2734 2952 3041 3015 omnibus

653 3056 938 3118 numeris
1006 3053 1284 3137 perfecta
1301 3100 1317 3129 ‚
1391 3075 1514 3117 non
1577 3075 1739 3139 nego
1800 3055 2176 3121 Lucretium
2240 3059 2295 3120 si
2355 3078 2619 3121 manum
2680 3062 3042 3121 extremam

654 3162 832 3245 operi
894 3180 1008 3223 suo
1072 3160 1388 3243 potuisset
1446 3162 1773 3244 imponere
1834 3182 2035 3245 pauca
2097 3163 2360 3227 fortasse
2407 3166 2475 3227 in
2520 3152 2716 3227 aliam
2762 3163 3041 3227 formam

651 3265 1059 3332 redacturum
1077 3312 1094 3342 ‚
1160 3266 1653 3329 concinnitatem
1698 3269 2012 3331 maiorem
2059 3268 2384 3331 facturum
2430 3266 2626 3331 fuisse
2651 3316 2666 3344 ‚
2716 3268 2825 3332 sed
2872 3289 3042 3355 nego

655 3373 943 3438 ordinem
991 3372 1346 3454 seriemque
1396 3392 1704 3436 versuum
1743 3372 2079 3437 meliorem
2117 3372 2291 3449 fieri,
2336 3374 2391 3436 si
2428 3393 2649 3436 versus
2676 3371 3041 3439 205—207

652 3500 687 3543 e
735 3499 851 3544 sua
895 3476 1039 3543 sede
1085 3481 1536 3541 removeantur
1585 3464 1648 3541 et
1695 3481 1841 3561 post
1886 3498 1983 3541 vs.
2035 3476 2168 3540 214
2217 3476 2624 3541 collocentur.
2730 3492 2733 3497 ·

743 3796 849 3861 Vs·
902 3795 1032 3860 322
1068 3800 1367 3876 postremo
1415 3799 1565 3876 quae
1611 3814 1851 3875 cumque
1902 3791 2029 3854 die-5
2074 3798 2410 3876 naturaque
2457 3795 2628 3857 rebus

1069 3897 1381 3979 paulatim
1427 3896 1673 3972 tribuit,
1724 3895 2069 3958 moderam'm
2115 3917 2369 3960 creseere
2414 3920 2621 3977 coyens
2637 3947 2653 3974 ,

1082 4002 1258 4065 nulla
1291 4008 1492 4081 potest
1537 4002 1835 4063 oculorum
1882 4000 2039 4062 acies
2084 4000 2357 4064 contenta
2402 4002 2560 4065 imeri
2575 4030 2604 4077 ,-

1083 4130 1189 4171 nec
1222 4128 1409 4187 porro
1455 4128 1605 4189 quae
1653 4128 1891 4189 cumque
1938 4128 2078 4167 aevo
2114 4107 2422 4192 ’macieque
2465 4117 2806 4187 senescunt,

899 4212 1029 4279 326
1078 4235 1184 4275 nec
1201 4259 1216 4287 ‚
1265 4234 1425 4273 mare
1470 4233 1620 4295 quae
1665 4211 2033 4291 impendent,
2082 4232 2245 4273 veeco
2289 4213 2417 4274 sale
2460 4235 2611 4275 saxa
2643 4238 2865 4295 peresa

1086 4316 1236 4401 quid
1277 4337 1501 4399 quoque
1545 4314 1828 4377 amittant
1872 4313 1941 4375 in
1987 4320 2241 4395 tempore
2285 4338 2519 4379 cernere
2550 4319 2769 4398 possis.

1084 4419 1425 4503 corporibus
1469 4419 1658 4482 caecis
1707 4418 1899 4498 iqitwr
1946 4424 2171 4481 παίωνα
2206 4420 2367 4499 qerit
2411 4442 2523 4483 res.
