3351 5463
1266 379 1632 428 nucnnrms.
2557 364 2641 430 69

351 540 424 605 2ο
470 545 816 619 vetustate,
855 540 1050 628 longo
1091 545 1398 627 temporis
1430 564 1623 608 cursu
1640 591 1656 620 ‚
1684 563 1784 607 res
1809 563 1935 607 non
1957 546 2215 628 penitus
2239 547 2646 629 perimuntur

2183 648 2641 732 -(225-23’7);

351 751 423 815 30
471 751 658 816 rebus
707 772 822 816 sua
869 755 1099 837 cuique
1149 758 1246 817 est
1293 775 1484 818 causa
1531 753 1969 818 dissolutionis
2018 753 2471 835 (238-249);

350 855 423 920 4⁰
475 878 576 922 res
625 855 787 922 aliae
836 879 913 922 ex
960 857 1108 922 aliis
1154 862 1516 944 gignuntur
1563 865 1628 924 et
1674 865 1968 924 crescunt
2012 859 2455 944 (wo-264).-

349 961 578 1026 Altera
625 962 779 1027 haec
826 967 1304 1049 argumentatio
1352 967 1590 1028 eximia.
1637 970 1773 1028 arte
1819 970 1915 1028 est
1961 969 2328 1049 composita.

351 1067 498 1132 Duo
537 1070 748 1153 priora
787 1074 1169 1155 argumenta
1187 1118 1203 1146 ,
1245 1090 1404 1153 quae
1447 1073 1648 1135 art-ius
1689 1071 2023 1136 cohaerent
2046 1091 2238 1156 quam
2264 1075 2611 1157 posteriora
2629 1122 2646 1152 ‚

257 1177 553 1258 sequitur
599 1173 918 1239 conclusio
966 1181 1089 1254 (vs.
1140 1173 1333 1256 237):

626 1280 837 1354 „haud
881 1279 1073 1360 iqitur
1110 1288 1362 1361 possunt
1407 1282 1492 1344 ad
1535 1282 1726 1344 nilum
1775 1305 2037 1366 quaeque
2079 1283 2365 1347 reverti''.

347 1383 503 1447 Post
542 1386 809 1448 tertium
849 1390 1310 1469 argumentum
1348 1386 1504 1451 haec
1546 1386 1865 1452 conclusio
1890 1386 2265 1472 producitur
2289 1387 2469 1467 (248,
2497 1388 2641 1459 49);

625 1491 832 1567 „haud
874 1490 1065 1570 igitur
1111 1493 1274 1555 redit
1318 1495 1402 1555 ad
1446 1493 1638 1555 nilum
1684 1515 1779 1555 res
1823 1492 1959 1555 ulla
1975 1541 1992 1570 ,
2042 1494 2148 1555 sed
2191 1515 2383 1556 omnes

624 1594 882 1659 discidio
927 1598 1179 1660 redeunt
1223 1597 1292 1660 in
1340 1620 1589 1680 corpora
1634 1598 1983 1661 materiai’'.

347 1701 597 1766 Iterum
645 1707 921 1786 augetur
968 1707 1194 1787 quarto
1242 1709 1624 1789 argumento
1673 1702 1920 1788 prolato
1968 1702 2149 1782 (262,
2177 1702 2325 1780 64):

625 1808 835 1883 „haud
878 1807 1071 1887 iqitur
1105 1808 1360 1890 penitus
1392 1815 1654 1890 pereunt
1700 1830 2092 1892 quaecamque
2138 1808 2420 1871 videnbur
2434 1834 2463 1893 ,-

623 1913 860 1996 qua-ndo
906 1912 1044 1975 abid
1087 1935 1160 1975 ex
1206 1912 1332 1975 alio
1380 1912 1576 1996 reficit
1621 1920 1845 1976 natura
1859 1961 1876 1990 ,
1930 1936 2036 1976 nec
2080 1913 2271 1976 ullam

622 2040 740 2081 rem
782 2018 954 2098 ,qimai
987 2019 1257 2100 patitur,
1307 2018 1432 2081 nisi
1479 2026 1662 2081 morte
1704 2018 1920 2081 adiuta
1966 2018 2235 2082 aliena''.

250 2125 592 2188 Postrema
651 2122 806 2186 haec
867 2121 1183 2187 conclusio
1244 2130 1460 2188 tamen
1505 2144 1630 2186 non
1680 2124 2159 2209 comprehendit
2208 2128 2412 2187 totam
2460 2143 2647 2208 argu-

255 2231 727 2293 mentationem
791 2227 1058 2292 alteram
1080 2277 1094 2304 ,
1159 2228 1225 2292 id
1285 2227 1452 2314 quod
1499 2228 1802 2293 Bockem.
1852 2231 1979 2305 ait,
2030 2229 2139 2293 sed
2185 2235 2283 2293 est
2327 2229 2647 2295 conclusio

249 2336 569 2419 postremi
631 2336 998 2418 argumenti
1051 2333 1284 2411 solius,
1332 2334 1399 2398 id
1450 2333 1617 2418 quod
1662 2334 1984 2399 indicatur
2028 2334 2240 2398 verbis
2287 2355 2451 2418 quae
2495 2339 2647 2398 sunt

254 2441 502 2525 quando
547 2438 685 2502 abed
728 2461 800 2501 ee·
845 2439 969 2501 abio
1017 2440 1212 2522 reficit
1255 2446 1498 2503 natura.

345 2546 849 2631 Argumentatio
909 2546 1084 2629 prior
1143 2566 1268 2608 non
1333 2551 1469 2608 tam
1531 2551 1764 2630 arguta
1823 2549 1954 2622 est,
2007 2565 2201 2628 quam
2250 2543 2485 2622 altera,
2536 2543 2645 2609 sed

253 2660 477 2717 tamen
524 2671 649 2714 non
697 2650 964 2714 obscura
1011 2656 1109 2713 est
1155 2649 1536 2714 similitudo.

343 2758 426 2821 In
471 2764 742 2841 utraque
786 2758 1072 2840 primum
1121 2761 1581 2841 argumentum
1620 2759 1717 2818 est
1755 2737 2141 2819 indirectum
2182 2754 2350 2839 quod
2389 2755 2643 2832 dicitur,

252 2872 320 2928 et
367 2864 546 2927 idem
594 2863 1100 2925 ratiocinationis
1147 2882 1353 2946 genus
1399 2863 1715 2926 continet:

252 2991 354 3035 vs.
417 2966 544 3032 159
591 2990 757 3030 nam
802 2966 873 3029 ei
919 2968 994 3030 de
1035 2966 1163 3030 nilo
1192 2969 1422 3049 fierent
1510 2963 1765 3031 vs.2l'7
1814 2989 1980 3029 nam
2025 2966 2096 3028 ei
2142 2966 2291 3051 quid
2326 2965 2574 3029 mortale
2614 2989 2644 3029 e

1880 3071 2107 3135 cunctis
2139 3071 2425 3153 partibus
2474 3070 2641 3135 esset.

252 3186 320 3245 et
371 3179 597 3245 eodem
644 3177 832 3242 modo
879 3176 1136 3241 finitur:

250 3308 352 3351 vs.
413 3283 538 3348 169
603 3290 667 3346 at
731 3306 932 3346 nunc
991 3282 1310 3347 seminibus
1501 3303 1597 3347 vs·
1625 3281 1756 3346 221
1808 3284 1967 3366 quod
2026 3304 2230 3345 nunc
2290 3289 2529 3345 aeterno

667 3387 856 3472 quia
903 3393 1050 3451 cett.
1869 3386 2062 3478 quiq
2113 3390 2261 3451 cett.

345 3495 426 3558 In
469 3500 740 3577 utraque
787 3491 1324 3557 demonstratione
1373 3491 1652 3556 alterum
1692 3479 2153 3578 argumentum
2193 3490 2413 3555 eodem
2454 3490 2643 3555 modo

249 3601 618 3666 adnectitur
639 3616 652 3660 t

249 3727 350 3771 ve.
401 3701 532 3768 1¹74
566 3709 889 3784 praeterea
937 3706 1085 3766 cett.
1510 3723 1604 3766 vs·
1633 3701 1765 3766 225
1802 3710 2124 3784 praeterea
2172 3707 2321 3767 cett.

250 3817 316 3877 et
384 3811 666 3894 pertinet
732 3806 810 3872 ad
873 3810 1178 3892 temporis
1225 3806 1519 3871 effectum
1569 3812 1632 3872 et
1680 3807 1873 3871 habet
1922 3807 2186 3872 eandem
2235 3808 2510 3872 formam
2547 3810 2640 3871 in-

248 3918 752 4002 terrogativam:

250 4046 352 4089 vs.
403 4002 535 4087 1'74
595 4044 731 4083 cur
782 4042 916 4083 vere
963 4044 1157 4084 rosam
1200 4068 1258 4084 ..
1290 4069 1304 4083 .
1355 4020 1411 4083 si
1502 4041 1597 4084 vs.
1626 4019 1759 4084 226
1806 4019 1862 4082 ci
1910 4019 2161 4101 penitus
2222 4066 2235 4083 .
2267 4067 2280 4082 .
2312 4067 2326 4082 .
2390 4022 2594 4084 unde

659 4148 778 4189 non
827 4175 842 4191 .
874 4173 888 4189 .
918 4174 932 4191 .
953 4126 990 4188 ,⁸⁹
1167 4134 1176 4141 '
1875 4124 2138 4187 animale
2180 4147 2368 4203 yenue
2416 4172 2430 4188 .
2462 4173 2476 4190 .
2506 4124 2566 4190 .?

247 4239 316 4299 et
365 4231 588 4298 eodem
635 4231 823 4295 modo
872 4230 1127 4295 finitur:

247 4360 351 4404 vs.
398 4336 531 4400 180
578 4337 735 4420 quod
779 4335 836 4398 si
885 4382 900 4398 .
928 4384 942 4400 .
974 4384 988 4399 .
1508 4355 1602 4400 ve.
1630 4333 1763 4399 234
1808 4335 1968 4418 quod
2010 4334 2067 4396 si
2117 4382 2175 4397 ..
2206 4382 2220 4397 .

343 4442 424 4506 In
463 4448 732 4527 utraque
773 4440 898 4505 duo
936 4445 1259 4525 postrema
1297 4444 1681 4526 argumenta
1704 4438 1926 4503 eodem
1950 4438 2140 4503 modo
2165 4439 2633 4529 adiunguntur:
