3351 5463
1224 371 1307 423 nn
1352 372 1503 423 uma
1550 372 1833 424 nonme.
2583 352 2711 421 167

311 538 579 607 'faciant
606 536 680 617 1).
730 537 855 603 Sed
900 542 1118 624 postea
1162 540 1631 625 inspectoribus
1683 539 1901 602 missis
1927 536 1978 617 ²)
2040 537 2431 602 subventum
2495 542 2624 614 est,
2683 558 2716 602 e

344 666 610 730 quorum
666 644 974 709 relatione
1036 664 1148 729 per
1206 647 1601 729 provinciam
1659 643 2186 709 Proconsularem
2245 664 2477 708 novem
2535 640 2722 707 milia

340 754 770 816 centuriarum
824 752 893 813 in
951 752 1230 814 solvendo
1293 755 1539 815 retenta
1598 754 1782 827 sunt,
1846 771 1960 835 per
2021 750 2414 836 Byzacenam
2473 756 2721 835 septem

340 856 519 921 milia
587 861 655 920 et
722 856 1223 942 quadringentae
1241 877 1257 934 3
1333 857 1399 919 in
1469 856 1813 941 auferenda
1888 876 2001 941 per
2069 854 2252 919 illam
2321 858 2721 942 provinciam

342 965 617 1047 quinque
664 960 848 1026 milia
888 968 951 1025 et
999 964 1475 1048 septingentae,
1519 984 1631 1048 per
1664 962 1827 1026 hanc
1867 966 2114 1045 septem
2152 960 2336 1025 milia
2374 968 2438 1025 et
2477 983 2725 1027 sexcen-

340 1073 439 1133 tae
500 1067 815 1149 adaecripta
875 1072 1025 1131 sunt
1054 1066 1126 1163 ἶ).
1190 1067 1535 1133 Videamus
1553 1116 1569 1145 ,
1632 1088 1714 1131 an
1773 1066 2055 1131 similem
2100 1065 2576 1131 distinctionem
2624 1065 2727 1131 ad-

344 1175 563 1237 mittat
619 1170 1055 1238 Theodoretus
1081 1173 1169 1253 ⁴),
1236 1176 1420 1258 epist.
1471 1173 1579 1250 42,
1626 1173 1741 1238 ubi
1789 1172 2038 1237 scribit:
2088 1179 2202 1245 τῆς
2253 1170 2554 1252 ἡμετέρας
2603 1170 2727 1251 χῶ-

344 1303 450 1357 ρας
498 1326 513 1343 .
543 1327 557 1342 .
590 1326 603 1343 .
636 1326 650 1342 .
700 1278 771 1341 τὸ
838 1278 1055 1354 μέτρον
1121 1279 1305 1342 πέντε
1368 1280 1479 1353 μὲν
1529 1279 1840 1358 μυριάδας
1889 1275 2022 1355 ἔχει
2073 1276 2274 1357 ζυγῶν
2323 1278 2722 1355 ἕλευθερικῶν,

346 1388 525 1461 μύρια
574 1384 637 1447 δὲ
687 1387 837 1463 πρὸς
882 1386 1119 1455 τούτοις
1168 1380 1346 1464 ἕτεραι
1389 1385 1703 1461 romanat.
1745 1383 2141 1448 Videbantur
2178 1385 2385 1469 igitur
2422 1382 2725 1470 Philippo

343 1490 632 1555 Eduardo
677 1489 987 1555 Huschke
1014 1493 1069 1571 ⁵)
1116 1492 1200 1554 τὰ
1250 1490 1596 1570 ἔλευθερικαέ
1642 1492 1964 1561 immunia
2010 1494 2270 1573 propter
2315 1487 2725 1554 sterilitatem

344 1616 470 1661 esse
530 1596 829 1680 praedia,
884 1598 967 1659 τὰ
1018 1596 1309 1671 mutand
1357 1592 1714 1661 tributaria.
1765 1595 1922 1672 Sed,
1975 1597 2128 1679 quia
2172 1594 2345 1659 idem
2393 1597 2726 1681 episcopus

344 1701 465 1766 alia
524 1700 803 1789 epistula
864 1699 1008 1782 (47)
1074 1702 1295 1767 scribit
1320 1704 1413 1783 ε’);
1480 1705 1816 1767 civitatem
1878 1722 2063 1765 suam
2114 1701 2261 1777 ὑπὲρ
2311 1692 2379 1778 ἓξ
2425 1700 2725 1779 μυριάδων

350 1808 445 1870 καὶ
494 1809 819 1887 δισχιλίων
865 1808 1221 1887 εἶσφέρ(ειν)
1267 1807 1487 1887 ζυγῶν,
1538 1811 1801 1893 apparet
1849 1808 1931 1870 τὰ
1982 1807 2272 1881 ramam&
2320 1810 2430 1871 vix
2479 1811 2728 1871 sextam

344 1918 587 1998 partem
650 1915 1141 1979 tributariorum
1203 1914 1443 1979 efficere
1503 1914 1765 2000 proinde
1826 1913 1947 1977 hoc
2007 1916 2265 1977 nomine
2311 1912 2728 1999 intelligenda

346 2040 473 2083 esse
536 2020 859 2084 dominica
918 2019 1175 2105 praedia
1194 2068 1209 2097 ,
1283 2020 1350 2083 id
1415 2026 1510 2084 est
1572 2018 1689 2083 Rei
1753 2021 2042 2103 privatae
2103 2020 2405 2103 principis
2429 2024 2502 2098 ⁷),
2567 2038 2728 2102 quae

346 2125 621 2209 quidem·
664 2130 814 2189 sunt
878 2126 957 2189 ab
1020 2126 1536 2189 extraordinariis
1599 2124 2034 2188 functionibus
2099 2125 2420 2186 immunia
2447 2122 2536 2199 ⁸),
2602 2143 2728 2186 non

346 2222 491 2295 vero
550 2231 633 2295 ab
680 2230 997 2295 ordinario
1044 2252 1278 2295 canone
1304 2232 1379 2310 ⁹).
1430 2230 1653 2315 Itaque
1701 2251 1862 2314 quae
1910 2233 2151 2293 restant
2196 2228 2380 2291 πέντε
2432 2228 2726 2307 μυριάδες

346 2336 537 2415 ζυγῶν
605 2339 1029 2421 possessiones
1091 2337 1332 2401 fuerint
1394 2340 1645 2420 oportet
1704 2338 2110 2421 privatorum
2173 2334 2547 2411 hominum,
2600 2356 2728 2397 non

342 2443 665 2505 immunes
698 2438 774 2522 ¹⁰)
836 2442 941 2506 sed
1003 2442 1401 2507 tributariae.
1476 2440 1649 2519 Quae
1713 2441 1983 2524 denique
2047 2439 2360 2505 excedunt
2411 2442 2480 2502 in
2526 2438 2729 2503 altera

415 2683 469 2748 1)
503 2702 542 2734 c.
582 2685 646 2735 10
682 2686 734 2741 G.
771 2684 860 2736 Th.
896 2684 977 2735 11.
1000 2687 1025 2734 1
1066 2685 1199 2747 (ann.
1236 2685 1377 2750 365).

412 2767 468 2831 2)
503 2784 543 2816 c.
578 2768 641 2815 31
678 2769 729 2816 Ο.
767 2767 857 2816 Th.
896 2768 973 2816 11.
996 2769 1023 2816 1
1057 2767 1195 2831 (ann.
1228 2768 1369 2832 412).

414 2849 471 2914 8)
505 2866 543 2898 c.
583 2850 649 2898 13
680 2849 736 2898 C.
773 2850 864 2898 Th.
900 2850 978 2898 11.
1000 2851 1065 2899 28
1098 2853 1231 2910 (ann.
1268 2849 1407 2913 422).

412 2935 468 2997 4)
503 2932 763 2997 Episcopus
798 2933 892 2981 fuit
925 2932 1103 2995 Cyrrhi
1136 2935 1245 2996 post
1279 2932 1379 2981 423
1420 2928 1780 2994 (Marquardt).

414 3017 466 3078 5)
512 3013 658 3062 Ueber
688 3015 779 3063 den
819 3017 992 3062 Census
1027 3012 1207 3076 (1847)
1238 3029 1285 3077 p.
1327 3012 1438 3060 102.

413 3097 467 3160 0)
504 3096 572 3144 Eo
607 3095 793 3144 remisit
828 3098 1005 3144 Deasau
1038 3111 1113 3159 ap.
1154 3095 1469 3158 Marqnardt,
1509 3096 1624 3142 rom.
1659 3095 1967 3142 Staatmrw.
2005 3091 2059 3139 II
2093 3089 2264 3152 (1884)
2298 3108 2346 3156 p.
2384 3091 2532 3142 228¹.

415 3177 469 3242 7)
508 3177 685 3226 Eodem
717 3176 909 3226 nomine
942 3176 1256 3224 inveniuntur
1292 3177 1351 3224 Β..
1388 3177 1441 3225 C.
1479 3177 1558 3224 11.
1579 3177 1643 3223 69
1661 3175 1783 3236 (68).

413 3261 465 3319 8)
498 3276 537 3308 c.
582 3262 622 3318 1,
656 3277 697 3308 c.
732 3261 783 3320 2,
819 3276 859 3308 c.
899 3261 943 3317 5,
980 3275 1019 3308 c.
1058 3260 1104 3316 9,
1139 3275 1177 3308 c.
1218 3260 1299 3315 13,
1320 3239 1376 3306 ὀ.
1414 3257 1493 3317 17,
1529 3275 1569 3311 c.
1606 3259 1671 3306 20
1707 3258 1760 3305 Ο.
1798 3256 1885 3304 Th.
1925 3255 2112 3314 11.Je;
2151 3271 2191 3303 c.
2231 3256 2260 3304 6
2297 3256 2349 3304 Ο.
2387 3255 2476 3302 Th.
2513 3256 2590 3304 15.
2613 3258 2662 3304 3.

416 3342 468 3404 9)
516 3359 556 3391 c.
592 3343 624 3391 2
672 3342 729 3392 C.
766 3342 851 3390 Th.
892 3342 1081 3398 11.16;
1126 3357 1165 3390 c.
1204 3341 1234 3388 2
1280 3355 1356 3405 pr.
1405 3339 1461 3388 C.
1500 3338 1813 3400 11.75(74);
1862 3354 1901 3386 c.
1942 3338 2004 3384 13
2040 3338 2092 3384 C.
2131 3336 2218 3384 Th.
2259 3337 2447 3394 11.16;
2496 3352 2536 3384 c.
2575 3339 2639 3384 30
2675 3339 2729 3387 C.

346 3425 437 3474 Th.
487 3426 532 3474 5.
558 3425 619 3472 13
663 3429 742 3485 (vv
774 3445 787 3472 ι
832 3425 1046 3488 desectas
1080 3423 1392 3486 possessiones
1430 3421 1784 3485 patrimonialis
1828 3419 1950 3468 iuris
1992 3417 2198 3480 accipiat
2243 3434 2404 3466 earum
2452 3418 2637 3467 tributa
2681 3425 2733 3468 et

346 3522 569 3557 canonem
616 3506 912 3564 solatur-usk
956 3521 996 3554 c.
1034 3505 1097 3553 10
1146 3505 1199 3553 C.
1242 3504 1403 3552 11.62
1424 3502 1569 3568 (61);
1606 3518 1646 3550 c.
1686 3505 1714 3550 3
1751 3501 1802 3550 C.
1844 3499 2007 3550 11.74
2027 3498 2170 3564 (73);
2207 3516 2246 3548 c,
2285 3501 2314 3546 2
2348 3501 2399 3548 Ο.
2438 3497 2532 3547 Th.
2576 3502 2649 3549 11.
2674 3504 2726 3560 5;

347 3607 391 3638 c.
424 3591 457 3639 2
494 3589 552 3638 C.
594 3589 669 3638 11.
691 3588 755 3636 69
773 3589 876 3649 (68)
920 3586 1199 3651 (inurimur)
1232 3587 1418 3650 fundos
1463 3584 1661 3634 tamiaeci
1706 3583 1828 3632 iuris
1865 3620 1876 3630 .
1898 3619 1908 3631 .
1929 3620 1940 3630 .
1977 3583 2105 3630 salvo
2137 3581 2321 3630 scilieet
2353 3597 2532 3630 canone
2562 3587 2612 3630 et
2647 3583 2734 3631 tri-

347 3670 555 3720 butariis
588 3660 917 3720 collationibus
948 3669 1200 3732 distrahi).
1238 3667 1617 3716 Constitutiones
1650 3669 1763 3714 sunt
1797 3679 2032 3713 annorum
2071 3665 2183 3721 323,
2217 3663 2454 3722 368-370,
2486 3665 2599 3722 382,
2618 3665 2730 3722 386,

348 3755 466 3812 399,
500 3753 737 3808 402-408,
772 3752 887 3809 416,
925 3751 1163 3809 474-491,
1201 3749 1372 3813 quibus
1405 3750 1764 3796 demonstratur
1799 3745 1993 3810 praedia
2026 3745 2231 3794 tamiaca
2266 3742 2340 3792 vel
2377 3745 2734 3808 patrimonialia

346 3836 427 3886 vel
474 3834 565 3885 Rei
608 3833 824 3898 privatae
867 3837 1060 3897 praeter
1101 3831 1489 3897 patrimonialem
1533 3844 1762 3878 canonem
1800 3827 2043 3892 publicum
2087 3842 2274 3890 quoque
2308 3825 2525 3883 sobrinam
2563 3825 2756 3892 quibus·

342 3916 557 3983 praediis
582 3931 726 3979 quam
752 3915 963 3963 decernit
989 3914 1345 3963 immunitatem
1372 3915 1547 3962 Deesau
1564 3913 1661 3974 (ap.
1687 3909 2018 3972 Marquardt).
2042 3925 2174 3966 eam,
2191 3908 2478 3957 solemnium
2497 3911 2755 3972 respectu,-

346 4002 574 4049 recnsant
624 3999 940 4062 Imperatores
984 4011 1025 4044 c.
1064 3996 1093 4044 6
1141 3996 1192 4044 C.
1230 3995 1301 4042 Th
1343 3996 1421 4043 11.
1444 3994 1471 4045 7
1512 3997 1643 4054 (ann.
1683 3992 1834 4049 349);
1869 4008 1910 4038 c.
1949 4007 2029 4040 un.
2066 3992 2119 4039 C.
2156 3990 2243 4040 Th.
2285 3990 2360 4038 11.
2386 3992 2473 4048 13;
2511 4006 2549 4038 c.
2589 3991 2618 4038 8
2657 4005 2730 4053 pr.

348 4082 403 4130 C.
442 4081 532 4129 Th.
582 4079 744 4128 13.10
796 4078 929 4141 (ann.
976 4077 1114 4140 383).
1164 4103 1232 4113 --
1286 4077 1393 4124 Una
1438 4076 1580 4123 datur
1626 4078 1756 4133 (ann.
1806 4074 1930 4135 431)
1978 4088 2069 4135 pro
2103 4071 2190 4118 Rei
2226 4071 2444 4135 privatae
2481 4087 2508 4119 a
2540 4071 2730 4136 publico

343 4177 528 4211 canone
575 4159 881 4208 immunitate
920 4162 967 4206 et
1002 4173 1056 4206 ea
1088 4157 1309 4220 ambigna
1342 4155 1626 4223 constitutio
1664 4154 1727 4218 (c.
1765 4155 1828 4202 36
1866 4155 1920 4201 Ο.
1955 4153 2043 4200 Th.
2084 4153 2161 4200 ll.
2184 4152 2248 4211 1),
2286 4167 2428 4214 quam
2453 4152 2731 4200 emendavit

344 4242 671 4292 Tribonianus
703 4257 743 4288 c.
778 4243 805 4287 5
842 4239 894 4287 Ο.
934 4240 1011 4287 11.
1033 4237 1228 4300 75(74).
1266 4237 1341 4286 Cf.
1374 4239 1622 4302 praeterea
1660 4235 1904 4294 Monnier,
1940 4235 2086 4282 Nouo.
2119 4233 2232 4280 Rev.
2265 4232 2378 4280 hist.
2407 4232 2528 4282 xv1
2562 4232 2731 4294 (1892)
2777 4271 2782 4274 .

380 4365 389 4375 .
431 4325 583 4373 834².

340 4343 376 4392 P
415 4407 503 4468 10)
542 4403 651 4451 Hoc
685 4401 895 4450 defendit
932 4403 1109 4449 Dessau
1143 4417 1216 4465 ap.
1255 4399 1543 4462 Marquardt
1578 4398 1664 4456 l.l.,
1700 4413 1786 4446 nec
1821 4400 1980 4461 potest
2013 4395 2065 4443 in
2100 4395 2188 4444 hac
2225 4411 2277 4442 re
2313 4409 2408 4442 non
2441 4393 2732 4453 errare,cui

338 4487 546 4554 praedia
577 4485 782 4534 tamiaca
816 4499 843 4532 a
875 4483 1073 4533 tributis
1106 4482 1389 4547 simpliciter
1425 4479 1661 4529 immunia
1695 4479 1966 4528 videantur.
