3351 5463
739 1004 884 1092 AD
944 1003 1345 1093 CORPUS
1405 999 2247 1091 INSCRIPTIONUM
2306 997 2987 1090 RHODIARUM.

1744 1221 1991 1262 SORIPSIT

1494 1405 1580 1469 Η.
1627 1404 1805 1470 VAN
1853 1402 2216 1471 GELDER.

1688 1694 2016 1728 —-00<>—-

760 1941 1206 2026 Inscriptiones
1246 1940 1458 2004 Rhodi
1496 1938 1745 2005 insulae
1786 1941 1913 2004 fere
1951 1937 2131 2003 mille
2155 1941 2538 2024 quingentas
2562 1959 2827 2003 numero
2853 1959 3057 2023 nuper

668 2051 736 2111 in
799 2068 1004 2110 unum
1066 2066 1293 2129 corpus
1355 2045 1604 2131 redegit
1665 2043 1879 2108 Hiller
1923 2063 2049 2108 von
2098 2039 2487 2128 Gartringen
2534 2041 3057 2127 („Inscriptiones

681 2150 960 2218 Graecae
1023 2150 1390 2214 Insularum
1438 2149 1490 2228 Ι,
1551 2150 1764 2214 Rhodi
1812 2148 2077 2216 Chalces
2125 2147 2428 2233 Carpathi
2476 2170 2625 2213 cum
2672 2148 2826 2213 Saro
2872 2146 3022 2214 Casi
3039 2170 3054 2227 ;

671 2256 935 2322 consilio
1002 2263 1066 2318 et
1128 2257 1506 2320 auctoritate
1572 2254 1950 2320 Academiae
2011 2254 2379 2319 litterarum
2426 2256 2641 2340 regiae
2687 2254 3058 2319 Borussicae

674 2362 874 2427 edidit
922 2360 1284 2424 Fridericus
1330 2359 1543 2424 Hiller
1592 2361 1667 2424 de
1718 2358 2177 2446 Gaertringen,
2227 2359 2510 2424 Berolini
2563 2358 2832 2438 1895”).
2888 2359 3058 2439 Quas

675 2488 824 2531 cum
864 2471 1263 2551 congereret,
1303 2485 1439 2528 rem
1465 2468 1743 2551 suscepit
1767 2465 2183 2530 utilissimam
2196 2486 2212 2542 ;
2242 2464 2550 2529 desiderio
2575 2467 2746 2529 enim
2770 2467 3056 2529 maximo

672 2571 1043 2637 huiusmodi
1087 2573 1294 2656 operis
1340 2570 1719 2635 iamdudum
1769 2572 2150 2636 tenebantur
2197 2569 2465 2647 omneS,
2500 2573 2611 2655 qui
2656 2571 2847 2634 rebus
2894 2570 3057 2635 Rho-

673 2678 926 2743 diorum
993 2696 1252 2761 operam
1317 2675 1568 2742 dabant.
1614 2677 1836 2762 Neque
1886 2676 2095 2741 solum
2145 2696 2303 2761 opus
2352 2673 2661 2753 absolvit,
2711 2678 2916 2741 immo
2960 2677 3052 2740 ita

669 2783 980 2860 absolvit,
1045 2789 1120 2845 ut
1184 2802 1438 2847 summa
1494 2786 1630 2847 eius
1678 2784 2098 2847 admiratione
2147 2782 2320 2847 haud
2368 2803 2495 2845 uno
2542 2783 2798 2845 nomine
2847 2787 3055 2846 tenea-

668 2910 834 2953 mur.
899 2886 1194 2972 Namque
1252 2886 1569 2950 industria
1588 2935 1604 2963 ,
1670 2890 2016 2972 sagacitate
2036 2936 2052 2965 ,
2120 2886 2457 2974 diligentia
2517 2889 2585 2950 in
2636 2885 2874 2950 edendo
2923 2887 3051 2949 fuit

669 2992 982 3078 singulari
1001 3040 1017 3069 ,
1059 2990 1234 3055 felici
1272 2993 1514 3077 ingenii
1557 2995 1851 3056 acumine
1890 3013 2044 3057 usus
2083 2991 2238 3057 locis
2276 2990 2709 3057 laborantibus
2751 3010 3047 3075 persaepe

670 3096 936 3161 mirifice
999 3097 1260 3180 profuit.
1326 3097 1518 3161 Brevi
1565 3104 1638 3161 ut
1686 3097 1895 3162 dicam
1943 3097 2096 3182 quid
2145 3100 2451 3162 sentiam:
2500 3118 2627 3160 non
2675 3096 2839 3160 alius
2887 3099 3056 3181 quis-

672 3224 864 3289 quam
925 3202 1158 3267 melius
1205 3202 1370 3267 mihi
1415 3204 1745 3289 hucusque
1794 3204 1869 3268 de
1918 3205 2107 3269 rebus
2154 3203 2553 3268 Rhodiorum
2598 3205 2871 3267 meritus
2918 3223 3052 3267 esse

670 3310 945 3375 videtur.
1011 3307 1211 3373 Paulo
1259 3308 1559 3374 audacius
1605 3310 1871 3375 fortasse
1920 3310 2038 3374 hoc
2089 3311 2335 3374 dictum
2382 3313 2513 3385 est,
2571 3330 2695 3373 non
2746 3308 3049 3386 diffiteor,-

669 3436 814 3479 meo
862 3420 1079 3478 tamen
1124 3416 1263 3479 iure
1309 3414 1472 3477 mihi
1513 3415 1748 3479 dixisse
1786 3414 2023 3480 videor.
2080 3415 2340 3480 Etenim
2379 3413 2574 3478 multi
2611 3415 2807 3478 huius
2844 3417 3053 3498 operis

669 3521 1126 3604 praestantiam
1184 3517 1369 3583 facile
1415 3526 1793 3605 agnoscent,
1842 3523 2030 3603 pauci
2080 3540 2230 3584 vero
2279 3519 2698 3584 confidentius
2746 3518 3052 3584 extollent

672 3644 867 3708 quam
914 3642 1033 3707 ego
1055 3670 1068 3697 ‚
1124 3625 1235 3706 qui
1283 3643 1432 3686 cum
1477 3624 1641 3686 mihi
1687 3623 1911 3687 itidem
1961 3627 2404 3708 inscriptiones
2452 3625 2731 3689 Rhodias
2778 3624 3051 3689 edendas

668 3730 1141 3814 proposuissem
1231 3734 1295 3791 et
1363 3728 1730 3792 absolutum
1802 3750 1961 3813 opus
2028 3731 2160 3792 iam
2232 3730 2525 3793 haberem
2599 3736 2856 3795 tantum
2929 3751 3054 3794 non

673 3854 896 3909 omne,
948 3839 1090 3895 tum
1141 3831 1403 3897 demum
1452 3836 1686 3897 emisso
1733 3834 1897 3897 libro
1944 3833 2181 3898 Hilleri
2228 3838 2297 3898 in
2343 3857 2410 3900 re
2458 3835 2678 3900 eadem
2726 3839 3053 3900 versatum

672 3960 804 4003 esse
889 3944 1239 4022 utrumque
1308 3944 1599 4002 nostrum
1672 3937 1932 4003 tandem
2004 3943 2444 4024 compererim.
2519 3940 2641 4004 Vix
2711 3944 3052 4026 quisquam

669 4046 876 4130 igitur
936 4064 1040 4107 me
1101 4045 1338 4107 iustius
1403 4043 1730 4107 Hillerum
1793 4042 2101 4107 laudabit.
2169 4045 2254 4108 At
2311 4046 2485 4109 idem
2544 4066 2696 4132 ego,
2746 4054 2822 4110 ut
2868 4044 3051 4110 facile

670 4147 1095 4232 intellegitur,
1144 4151 1294 4212 novi
1347 4145 1686 4232 „Corporis
1723 4148 2261 4232 Inscriptionum”
2303 4151 2497 4214 iudex
2538 4153 2754 4214 exstiti
2794 4171 3053 4227 severus

675 4262 739 4320 et
784 4252 1092 4339 diligens,
1143 4256 1254 4337 qui
1300 4253 1582 4318 maculas
1628 4253 1780 4318 libri
1826 4274 2081 4319 summa
2126 4258 2359 4320 mentis
2404 4258 2758 4321 intentione
2794 4256 3055 4343 indaga-

673 4381 845 4435 rem,
909 4357 989 4422 ad
1051 4356 1432 4443 detegendas
1495 4380 1598 4423 eas
1662 4360 1906 4442 optime
1972 4346 2249 4444 paratus.
2320 4361 2487 4440 Quas
2553 4364 2801 4445 passim
2838 4361 3052 4426 adesse

673 4462 781 4530 vel
849 4464 1082 4527 rectius
1152 4460 1407 4526 latitare
1467 4483 1546 4527 ne
1607 4465 1891 4527 mireris:
1953 4485 2032 4529 ne
2100 4468 2724 4549 praestantissimum
2790 4466 3050 4552 quidem
