3351 5463
648 363 781 430 340
1589 381 2089 436 Ams'rornmns.

737 551 839 615 Ad
898 572 991 617 vs.
1045 549 1197 618 544.
1267 551 1491 617 Simile
1556 551 1711 637 quid
1773 552 1850 618 de
1910 553 2028 618 hoo
2072 552 2211 620 loeo
2258 554 2592 620 observare
2638 554 2858 623 habeo,
2925 555 3028 621 Ad

650 677 843 742 quem
903 678 1163 723 versum
1224 659 1395 743 apud
1440 657 1848 724 Dindorfium
1892 658 2134 745 legitur
2178 659 2296 724 hoo
2344 656 2660 725 scholion:
2709 662 2848 740 δρῶν
2896 663 3024 742 «γὰρ

650 762 677 826 ὃ
740 761 1027 835 Διόνυσος
1089 763 1369 829 συνιόντα
1435 769 1631 844 (recte
1679 763 1934 828 συνόντα
1983 763 2373 830 Rutherford
2421 786 2568 829 oum
2617 765 2740 830 alio
2789 765 3030 848 codiee)

590 956 595 962 ἦ
648 877 726 950 τῇ
796 869 1145 950 ὀρχηστρίδι
1217 869 1322 935 τὸν
1396 870 1652 938 Ξανθίαν
1723 869 1825 934 καὶ
1894 866 2095 949 ὥσπερ
2170 869 2566 952 ἐρεθιζόμενος
2628 876 2733 936 τοῦ
2803 873 3025 938 αἰδοίου

652 974 1050 1054 ἑδραττόμην,
1098 975 1315 1054 φησὶν,
1362 974 1502 1040 ἀντὶ
1551 979 1658 1040 τοῦ
1708 977 2017 1053 ἐμαυτοῦ,
2067 977 2094 1040 ὃ
2136 975 2199 1040 δὲ
2240 977 2500 1048 Ξανθίας
2541 977 2723 1054 γνοὺς
2765 975 2884 1042 ἅτε
2926 978 3028 1042 καὶ

652 1082 839 1152 αὐτὸς
887 1080 1167 1160 πρότερος
1216 1081 1303 1146 τὰ
1354 1082 1521 1147 αὐτοὶ
1573 1086 1755 1146 ποιῶν
1803 1079 2117 1156 ἐπάταξεν
2164 1080 2241 1146 ἄν
2287 1105 2390 1158 με.
2459 1082 2643 1148 Ν11111
2691 1104 2826 1148 esse
2866 1083 3034 1148 illud

649 1185 786 1250 ἀντὶ
858 1190 963 1250 τοῦ
1030 1187 1303 1264 ἐμαυτοῦ
1353 1189 1496 1272 quis
1544 1207 1670 1251 non
1715 1187 1928 1265 videt,
1981 1189 2124 1271 quis
2173 1191 2392 1252 autem
2437 1208 2562 1251 non
2609 1190 2883 1252 miratur
2929 1187 3033 1253 edi

647 1289 717 1354 id
773 1294 1057 1376 potuisse
1119 1293 1196 1358 ab
1260 1314 1333 1358 eo
1396 1295 1510 1378 qui
1570 1295 1902 1357 annotaret
1964 1295 2033 1358 in
2094 1292 2155 1356 R
2212 1292 2346 1378 legi
2406 1295 2543 1357 ἀντ’
2609 1295 2881 1370 ἐμαυτοῦ
2930 1293 3036 1358 vel

647 1399 865 1482 potius
904 1399 1301 1475 α’ντεμαυτοῦ
1342 1400 1458 1478 (sie
1495 1398 1930 1479 Rutherford).
1971 1396 2136 1463 Vera
2173 1400 2346 1462 enim
2382 1398 2572 1464 lectio
2609 1398 2758 1464 inde
2798 1400 3034 1463 emieat

650 1502 1051 1582 ἕδραττόμην,
1100 1505 1307 1583 φησὶν,
1358 1502 1434 1569 ἂν
1478 1508 1583 1569 τοῦ
1626 1506 1925 1581 ἐμαυτοῦ.
1974 1504 2274 1568 Errorem
2313 1506 2562 1590 peperit
2600 1509 2829 1569 notum
2868 1524 3036 1568 oom-

649 1609 959 1694 pendium
1007 1607 1045 1678 ³}
1085 1632 1199 1696 pro
1238 1615 1366 1675 τοῦ.
1414 1609 1617 1696 Fugit
1652 1611 1774 1674 hoo
1813 1609 2343 1675 Rutherfordium
2361 1657 2379 1687 ,
2422 1612 2533 1695 qui
2571 1609 2819 1674 litteras
2858 1633 3034 1674 αντε-

648 1740 889 1792 μαυτου
950 1719 1148 1782 errori
1206 1717 1491 1782 tribuens
1552 1718 1622 1781 in
1684 1717 1960 1781 editione
2021 1736 2137 1780 sua
2203 1719 2451 1793 omisit3
2517 1717 2748 1801 quibus
2812 1718 3032 1781 eieotis

651 1821 827 1887 deest
870 1822 1183 1908 particula
1229 1820 1305 1886 ἄν
1353 1843 1548 1908 quam
1593 1825 1801 1907 poscit
1845 1827 2198 1890 contextus.

739 2035 837 2100 Ad
898 2056 996 2102 vs.
1061 2033 1209 2100 554.
1298 2034 1460 2100 Eece
1528 2036 1760 2099 tertius
1830 2053 2002 2098 error
2069 2032 2389 2098 iocularis.
2463 2033 2565 2097 Ad
2633 2031 3029 2098 adieetivum

647 2141 1147 2218 οὶνὴμιωβολιαῒα
1167 2189 1184 2218 ,
1276 2140 1444 2225 quod
1528 2140 1692 2204 vitio
1777 2138 1992 2204 deberi
2061 2138 2327 2205 antehac
2399 2137 2833 2204 demonstrare
2882 2159 3034 2202 sum

563 2313 589 2320 -
649 2250 946 2324 conatus,
995 2252 1245 2332 praeter
1290 2245 1417 2311 alia
1452 2245 1850 2332 adscriptum
1886 2244 2197 2332 leguntur
2235 2246 2425 2310 haee:
2472 2244 3030 2322 ἀνημιωβολιμαῒα

650 2355 793 2434 (sio)
869 2351 970 2429 δὲ,
1053 2351 1189 2416 ἀντὶ
1256 2355 1362 2415 τοῦ
1423 2347 1683 2415 ἕκαστον
1735 2353 1937 2416 αὐτῶν
1986 2347 2172 2428 ἥμισυ
2221 2351 2440 2428 ὀβολοῦ
2490 2347 2576 2428 ἦν,
2629 2346 2799 2425 ἄξιον
2851 2351 3034 2425 ἡμιω-

648 2456 883 2535 βολίου.
936 2492 1021 2506 --
1070 2457 1104 2533 ἣ
1169 2456 1311 2534 ὠμοὶ
1368 2454 1517 2520 ὄντα
1564 2457 1737 2520 κατὰ
1782 2459 1852 2522 τὸ
1901 2457 2110 2533 ἥμισυ.
2165 2492 2250 2505 -
2299 2453 2529 2526 ἄλλως.
2578 2451 2669 2519 ὅτι
2719 2453 2882 2527 ἰδίως
2931 2453 3031 2518 ἐπὶ

649 2566 756 2627 τοῦ
804 2562 1254 2639 οἰνημιωβολίου
1302 2561 1694 2639 πωλουμενα.
1744 2562 2034 2626 Priorem
2082 2567 2332 2646 partem
2378 2560 2576 2625 huius
2619 2560 2850 2626 scholii
2895 2581 3036 2644 pro-

650 2667 948 2733 babiliter
1016 2666 1402 2733 Rutherford
1474 2669 1564 2731 sie
1632 2663 2138 2741 οοηε1111111εὴν
2201 2665 2657 2743 ἡμιωβολιαῖα·
2723 2666 2859 2729 αντὶ
2926 2669 3032 2730 τοῦ

650 2796 910 2837 εκαστον
970 2774 1171 2838 αυτῶν
1234 2772 1484 2848 ἡμίσεος
1545 2772 1768 2849 ὀβολοῦ
1837 2768 1903 2844 ἦν
1967 2770 2153 2849 αξιον.
2205 2764 2716 2851 <ἡμιωβολιαῑα·
2769 2772 3037 2849 ἡμιωβο-

650 2886 846 2942 λιαῖον
892 2877 962 2943 τὸ
1011 2875 1229 2955 αξιον)
1277 2877 1685 2954 ἡμιωβολίου,
1724 2877 1895 2943 unde
1933 2876 2133 2941 effioio
2170 2896 2392 2941 veram
2432 2876 2772 2942 lectionem
2808 2897 3036 2942 versus

649 2984 1100 3068 Aristophanei
1146 2985 1206 3048 ei
1250 2982 1455 3049 videri
1503 2978 1570 3054 ἦν
1612 2982 2056 3059 ἡμιωβολιαῖα.
2106 2982 2536 3047 Posteriorem
2571 2988 2792 3047 autem
2811 3030 2827 3059 ,
2869 3002 3032 3067 quae

648 3091 718 3152 in
754 3088 814 3153 R
851 3088 1027 3153 deest
1043 3135 1059 3166 ‚
1100 3087 1431 3153 emendare
1470 3086 1756 3153 conabor.
1805 3087 1950 3152 Non
1970 3086 2332 3150 semicrudas
2357 3108 2566 3151 carnes
2587 3108 2624 3152 a
2646 3086 3034 3152 muliercula

648 3192 843 3259 vendi
880 3193 1172 3279 perhibet
1210 3191 1580 3270 scholiasta,
1622 3192 1733 3258 sed
1765 3192 2207 3268 semiobolum-33
2241 3212 2356 3276 pro
2381 3191 2522 3268 ὠμὰ
2544 3194 2752 3277 igitur
2773 3191 3035 3278 legatur

649 3299 854 3364 ὤνια.
908 3298 983 3363 111
1030 3296 1152 3363 fine
1199 3303 1311 3364 aut
1360 3296 1766 3363 scribendum
1814 3302 1912 3363 est
1948 3296 2109 3369 ἰδίως
2151 3297 2250 3360 ἐπὶ
2293 3302 2400 3361 τοῦ
2443 3297 2538 3361 ἀν’
2583 3296 3035 3376 ἡμιωβόλιον

650 3398 1101 3482 πωλουμένου
1150 3409 1264 3471 aut
1308 3403 1467 3476 ἰδίως
1516 3402 1696 3468 ἀντὶ
1747 3407 1852 3468 τοῦ
1895 3404 2049 3481 ,,οἰν’
2096 3401 2540 3479 ἡμιωβόλιον
2588 3404 3030 3480 πωλούμενα”.

739 3617 841 3683 Ad
882 3638 976 3683 VS.
1018 3615 1147 3684 5¹79
1186 3616 1433 3682 κάκιστ’
1472 3617 1853 3693 ὥπολοίμηνε
1897 3616 2208 3680 Ἐνταῦθα
2248 3614 2634 3694 φοβούμενος
2675 3616 2704 3679 ὀ
2736 3611 3029 3687 Διόνυσος

649 3724 1029 3804 ὑποκρίνεται
1094 3722 1317 3802 φιλίαν
1380 3722 1526 3801 πρὸς
1591 3722 1873 3799 Ξανθίαν,
1933 3716 2034 3783 ἵνα
2097 3719 2290 3784 πάλιν
2354 3722 2663 3800 Ἡρακλῆς
2726 3720 3028 3799 γένηται,

648 3830 752 3895 καὶ
804 3830 994 3901 αὐτὸς
1042 3830 1301 3900 Ξανθίας
1348 3828 1744 3906 κελευόμενος
1794 3827 1906 3892 ὑπὸ
1959 3827 2263 3890 Διονύσου.

737 3936 838 4001 Ad
878 3956 973 4002 vs.
1018 3933 1169 4000 582.
1220 3933 1325 3999 καὶ
1366 3939 1493 4005 πῶς
1535 3932 1610 3999 ἂν
1652 3934 2048 4010 Ἀλκμὴνὴςε
2093 3926 2252 4009 ἅπερ
2293 3930 2440 4009 πρὸς
2467 3931 2652 3995 αὐτὸν
2677 3930 2704 3994 ὃ
2733 3932 3029 4004 Διόνυσος

649 4040 926 4120 πρότερον
976 4037 1195 4117 ἔλεγε,
1245 4044 1453 4104 ταῦτα
1501 4038 1677 4117 λέγει
1729 4038 1832 4101 καὶ
1885 4037 2068 4106 αὐτὸς
2117 4034 2563 4113 εἰρωνευόμενος
2611 4034 2715 4099 καὶ
2766 4036 3028 4117 παίζων.

738 4146 882 4211 Non
921 4150 1223 4232 poterunt
1258 4144 1556 4230 intellegi
1592 4145 1711 4209 hae
1752 4143 2246 4217 observationes,
2291 4160 2452 4225 quae
2491 4143 2554 4204 in
2584 4140 2644 4205 R,
2665 4147 2818 4206 sunt
2841 4144 3034 4207 omis-

649 4272 787 4328 sae,
863 4254 989 4316 nisi
1048 4253 1388 4339 posteriori
1433 4250 1822 4335 praefigatur
1866 4245 2009 4310 finis
2057 4247 2319 4330 prioris:
2371 4268 2473 4308 και
2526 4245 2714 4317 αὐτος
2765 4250 3031 4320 Ξανθίας

651 4355 1043 4434 κελευόμενος
1108 4355 1222 4421 ὑπὸ
1287 4356 1611 4432 Διονύσου,
1679 4349 1836 4430 απερ
1899 4350 2045 4429 πρὸς
2092 4349 2277 4414 αὐτὸν
2327 4349 2354 4412 ὅ
2408 4348 2693 4423 Διόνυσος
2744 4352 3030 4475 πρότερον

651 4460 871 4541 ἔλεγε,
920 4466 1133 4527 ταῦτα
1182 4460 1358 4540 λέγει
1409 4484 1512 4525 και
1564 4460 1751 4529 αὐτὸς
1800 4454 2242 4536 ειρωνευόμενος
2290 4438 2396 4520 καὶ
2448 4452 2704 4535 παίζων.

1106 5096 1945 5411 A
