3351 5463
1344 360 1664 406 KEPMATA.
2381 357 2386 363 ·
2565 336 2698 404 347

314 515 490 589 πόλις
543 514 877 584 οἰπωλῶλει
896 566 913 596 ,
982 517 1085 583 καὶ
1134 517 1454 583 πολιτείαν
1502 515 1735 583 ἔδοσαν.
1782 517 1991 584 Nihili
2038 523 2136 583 est
2178 517 2361 582 οἰκεῖν
2406 514 2698 580 ἀτέλειαν

318 643 383 688 ac
426 623 704 708 proinde
749 623 1125 711 Madvig-ius
1168 626 1443 689 correxit
1490 625 1726 689 ἀτελεῖ.
1775 623 1898 689 Sed
1941 622 2319 689 Selinuntiis
2363 627 2510 707 post
2547 621 2702 685 civi-

321 731 467 794 tatis
540 732 879 796 interitum
950 732 1177 796 civitas
1240 731 1387 795 data
1446 731 1608 808 fuit;
1669 733 2001 815 proximus
2065 736 2282 795 autem
2343 730 2467 792 nisi
2513 725 2702 792 fallor

324 834 514 898 honos
559 833 821 900 habitus
866 833 1279 921 Syracusanis
1298 883 1315 914 ,
1368 836 1601 920 quibus
1647 834 1916 920 Ephesii
1961 839 2397 900 concesserunt
2457 833 2529 898 ἰσ
2546 856 2573 896 ο
2591 856 2628 895 τ
2647 830 2703 896 έ-

328 953 586 1016 λειαν,
660 939 829 1024 quod
874 942 1160 1024 primum
1204 942 1273 1003 in
1320 939 1691 1004 οἰκοτέλειαν
1738 940 1933 1017 abiit,
1997 939 2167 1004 unde
2212 944 2364 1004 nata
2409 938 2700 1003 codicum

330 1043 550 1120 lecti0‚
602 1044 681 1108 cf.
729 1043 812 1108 Π.
863 1043 925 1107 4.
953 1042 1063 1108 25.
1320 1027 1331 1034 ’

410 1146 529 1210 ΙΧ.
602 1145 761 1212 Ibid.
810 1147 863 1212 Ι.
914 1147 974 1212 3.
1007 1146 1125 1214 1¹7:
1174 1147 1440 1225 οἰόμενος
1488 1148 1675 1213 οὐδέν’
1723 1147 1801 1214 ἂν
1845 1153 2023 1214 τοῦτο
2071 1157 2443 1225 ποιῆσαι,
2493 1147 2699 1226 cred0,

330 1252 440 1316 hoc
488 1260 910 1328 τολμῆσαι
964 1252 1211 1318 dictum
1258 1256 1563 1339 oportuit.
1735 1236 1742 1242 ⁹

411 1355 497 1420 X.
567 1355 727 1420 Ibid.
793 1356 849 1430 Ι.Δ
897 1356 1063 1422 5.6;
1128 1357 1259 1422 ε’πεί
1326 1358 1493 1438 αὐτῷ
1558 1358 1908 1436 προπιὼν
1967 1358 1996 1421 ὃ
2061 1361 2248 1437 Κῦρος
2297 1356 2468 1436 ἤρετο
2514 1356 2580 1422 τί
2623 1355 2702 1420 ἂν

329 1460 569 1537 μάλιςα
654 1460 965 1543 χαρίζοιτο
1036 1469 1249 1540 ποιῶν,
1332 1464 1388 1526 si
1457 1461 1628 1527 hunc
1695 1482 1944 1527 morem
2011 1462 2170 1527 bene
2237 1463 2423 1538 novi,
2509 1481 2702 1545 quem

328 1586 699 1651 cognoscere
743 1573 1082 1651 possumus
1130 1588 1208 1631 ex
1253 1587 1447 1631 coena
1492 1567 1660 1652 apud
1708 1565 1996 1631 Seuthen
2014 1614 2031 1643 ,
2081 1586 2277 1651 quam
2323 1568 2392 1630 in
2427 1565 2706 1630 Anabasi

329 1671 680 1756 Xenophon
727 1670 1097 1756 descripsit,
1148 1672 1495 1756 praestabit
1540 1691 1834 1755 praesens
1881 1675 2136 1756 tempus
2182 1671 2425 1750 προπί
2443 1695 2471 1734 ν
2493 1693 2535 1733 ω
2554 1693 2603 1733 ν.

413 1775 529 1840 XI.
591 1775 752 1841 Ibid.
801 1775 851 1840 I.
904 1775 963 1840 6.
996 1774 1033 1838 5
1084 1780 1235 1841 sunt
1282 1774 1705 1842 Callicratidis
1742 1776 1938 1842 verba
1975 1777 2055 1841 ad
2094 1778 2266 1841 cives
2303 1796 2484 1841 suos:
2529 1776 2704 1851 ὑμεῖς

331 1881 390 1945 δὲ
436 1880 588 1959 πρὸς
636 1873 681 1944 ἃ
729 1879 850 1957 ἐγώ
898 1905 971 1944 τε
1016 1885 1470 1960 φιλοτιμοῦμαι
1520 1881 1624 1945 καὶ
1678 1884 1711 1956 ἦ
1754 1883 1929 1951 πόλις
1973 1883 2140 1958 ἡμῶν
2185 1877 2716 1960 αἰτιάζεται,-

327 1984 793 2062 συμβουλεύετε
851 1985 934 2049 τὰ
995 1984 1205 2066 ἄρι-τα.
1251 1985 1379 2050 Hic
1425 2007 1574 2050 cum
1622 1986 1897 2051 verbum
1943 1984 2295 2064 αἰτιάζεται
2342 2004 2571 2069 parum
2615 1987 2709 2047 in-

325 2089 690 2176 telligerem
709 2137 726 2166 ,
774 2092 1149 2174 interpretes
1196 2089 1341 2155 adii.
1395 2090 1754 2154 Audiamus
1801 2090 2258 2155 Schneiderum
2275 2137 2292 2166 ‚
2334 2090 2517 2154 cuius
2553 2089 2707 2152 haec

325 2201 421 2260 est
494 2195 902 2275 περίφρασιςε
978 2195 1241 2273 „habita
1298 2197 1543 2261 ratione
1603 2198 1843 2281 partim
1905 2195 2104 2261 studii
2165 2197 2332 2272 mei,
2395 2215 2522 2279 quo
2581 2213 2705 2281 ego

326 2301 623 2364 omnibus
684 2301 929 2365 viribus
992 2300 1158 2364 feror
1217 2299 1297 2364 ad
1356 2300 1655 2364 mandata
1702 2302 1944 2384 patriae
1990 2299 2386 2384 exsequenda
2403 2346 2419 2376 ‚
2467 2299 2707 2382 partim

326 2405 863 2490 reprehensionis,
904 2426 1029 2490 qua
1068 2407 1293 2470 civitas
1331 2409 1545 2469 nostra
1582 2407 1885 2489 carpitur,
1927 2405 2097 2489 quod
2135 2424 2320 2488 saepe
2357 2402 2707 2468 navarchos

322 2513 419 2575 rei
479 2509 728 2576 navalis
790 2513 1120 2595 imperitos
1164 2510 1450 2574 mittat.''
1513 2509 1574 2574 N
1576 2531 1645 2574 ec
1693 2509 1904 2574 multo
1953 2509 2139 2574 aliter
2183 2507 2708 2573 Breitenbachius

323 2613 538 2679 locum
584 2617 860 2699 aceepit:
916 2613 1107 2692 „Was
1153 2613 1617 2678 Kallikratidas
1662 2615 1933 2679 erstrebt
1977 2614 2108 2678 und
2155 2634 2284 2678 was
2333 2613 2478 2678 dem
2527 2611 2708 2676 Staat

326 2740 477 2783 zum
536 2718 837 2784 Vorwurf
880 2718 1182 2805 gemacht
1227 2719 1422 2795 wird‚
1472 2717 1727 2783 verhaIt
1773 2719 1910 2784 sich
1957 2740 2035 2784 zu
2084 2717 2382 2783 einander
2427 2718 2547 2783 wie
2593 2715 2710 2780 Ur·
2789 2727 2794 2733 “

330 2824 515 2889 sache
583 2825 715 2889 und
785 2824 1024 2909 Folge:
1096 2829 1262 2888 ware
1333 2829 1629 2891 ersteres.
1659 2825 1841 2889 nicht
1905 2826 2015 2889 das
2074 2824 2313 2889 Rechte
2331 2871 2348 2900 ,
2411 2844 2478 2887 so
2541 2826 2709 2885 ware

328 2926 619 2994 letzteres
664 2919 1085 3014 begriindet.'’'
1133 2928 1398 2993 Frustra
1443 2928 1599 2993 haec
1648 2929 1942 3014 expedire
1989 2934 2250 2994 conatus
2287 2948 2435 2992 sum
2471 2928 2706 2991 minus·

338 3052 462 3115 que
519 3035 711 3100 etiam
770 3052 1067 3116 assequor
1114 3033 1267 3117 quid
1312 3032 1703 3098 Liebholdus
1748 3033 2028 3099 voluerit
2074 3035 2443 3097 coniiciens:
2492 3030 2714 3099 ςασιοέ-

340 3131 535 3209 ζεται.
581 3136 720 3200 Hoc
767 3136 1027 3221 quidem
1073 3142 1357 3201 constare
1403 3140 1704 3203 existimo
1750 3138 1949 3203 latere
1995 3138 2267 3203 verbum
2313 3136 2481 3221 quod
2527 3155 2714 3219 syno-

339 3259 611 3322 nymum
677 3240 806 3304 fere
873 3242 959 3305 sit
1027 3245 1151 3329 τοῦ,
1204 3244 1692 3318 φιλοτιμεῖσθαι.
1763 3241 2002 3327 Sponte
2059 3262 2194 3306 sese
2253 3241 2419 3305 mihi
2479 3238 2715 3304 obtulit

342 3342 606 3406 verbum
649 3346 753 3421 ἀγ
774 3344 1161 3423 λαΐζεται
1183 3392 1201 3422 ,
1251 3345 1360 3410 sed
1399 3346 1537 3411 fieri
1574 3351 1785 3431 potest
1822 3351 1898 3410 ut
1936 3344 2102 3409 alius
2137 3344 2378 3409 incidat
2412 3346 2482 3407 in
2521 3341 2712 3426 paulo

346 3444 691 3529 simplicius
753 3449 1161 3514 vocabulum.
1237 3448 1541 3516 Ceterum
1604 3449 2036 3535 componenda
2097 3453 2246 3513 sunt
2309 3467 2470 3531 quae
2529 3447 2714 3511 brevi

354 3554 494 3627 post
548 3549 849 3639 leguntur
892 3554 943 3616 I.
995 3553 1056 3617 6.
1090 3554 1207 3618 12:
1273 3556 1322 3618 οἱ
1373 3554 1946 3634 αἰτιαζόμενοι
1991 3552 2401 3616 ἐναντιοῦσθαι
2450 3548 2712 3618 δεδιότες

359 3652 692 3729 εἰσηγοῦντο
733 3660 907 3737 πόρον
947 3658 1289 3738 χρημάτων
1329 3658 1432 3723 καὶ
1474 3660 1649 3745 αὐτοὶ
1679 3657 2222 3736 ἐπαγγελλόμενοι
2247 3655 2391 3732 ἰδία.
2431 3654 2715 3719 Verbum

362 3754 642 3837 αἰτιαζειν
708 3760 896 3827 Dioni
965 3762 1182 3829 Cassio
1249 3766 1318 3827 in
1387 3763 1632 3828 deliciis
1695 3768 1825 3839 est,
1891 3762 2001 3827 sed
2059 3762 2188 3825 nisi
2248 3759 2420 3824 hisce
2467 3758 2715 3821 duobus

366 3854 777 3943 Xenophontis
812 3866 967 3931 locis
1008 3870 1369 3952 ceteroquin
1407 3868 1576 3953 apud
1614 3869 1863 3932 Atticos
1904 3868 2243 3950 scriptores
2282 3884 2408 3927 non
2444 3864 2720 3928 occurrit

367 3957 566 4043 itaque
622 3974 950 4054 postquam
998 3972 1075 4035 de
1119 3974 1325 4056 priore
1370 3970 1509 4036 loco
1556 3971 1840 4035 vidimus
1860 4018 1877 4047 ‚
1930 3971 2369 4034 examinemus
2415 3966 2712 4032 alterum.

370 4054 535 4126 Duae
587 4066 797 4139 Mileti
855 4075 1157 4139 factiones
1218 4081 1396 4139 erant
1415 4122 1431 4152 ‚
1484 4095 1758 4160 quarum
1805 4074 2006 4139 altera
2051 4072 2380 4157 Spartanis
2425 4072 2714 4147 favebat,

366 4160 685 4235 adversarii
744 4190 958 4243 autem
1019 4179 1142 4243 alia
1202 4181 1419 4243 omnia
1479 4180 1855 4244 sentiebant.
1923 4176 2223 4263 Oppressi
2284 4174 2448 4240 nihil
2497 4181 2718 4239 contra

360 4263 588 4334 tendere
645 4279 921 4360 audent,
985 4283 1095 4348 sed
1158 4288 1233 4347 ut
1288 4285 1410 4347 sibi
1456 4286 1716 4368 suisque
1760 4280 2134 4357 consulant,
2185 4277 2424 4350 ἑκόντες
2473 4279 2715 4342 οἰεκόντι

355 4382 432 4435 7⁸
472 4369 619 4456 θυμῷ
669 4402 809 4449 non
857 4392 1111 4452 tantum
1155 4378 1383 4452 ferunt⁶
1413 4388 1493 4454 ad
1538 4387 1888 4475 populum,
1950 4390 2026 4449 ut
2074 4384 2404 4469 Spartanis
2447 4386 2717 4469 pecunia
