3351 5463
620 283 751 393 27¹6
1560 346 2060 410 memoramus.

711 511 817 576 Vs,
869 508 1000 578 8¹77
1026 533 1117 597 sq.
1162 511 1321 578 Vide
1367 533 1573 578 annon
1619 517 1899 597 praestet
1945 513 2214 578 scribere

710 614 850 695 εἷεν,
899 617 997 690 τίς
1037 618 1156 682 ἐσθ’
1197 619 1359 696 ὑμῶν
1394 618 1660 696 δίκαιος,
1703 619 1799 690 τίς
1841 641 2032 696 ποτε,
2071 620 2168 690 τίς
2208 618 2222 704 Ι
2261 615 2771 697 διαφυλάξαι
2821 617 3002 693 τήνδε

621 732 698 806 τῇ
745 723 943 806 βουλῇ
992 725 1242 802 λαβών;
1291 745 1405 810 pro
1452 723 1549 797 τίς
1596 744 1783 803 ποτε;
1833 723 1930 797 τίς
1977 721 2486 803 διαφυλάξει
2534 743 2655 803 —-;
2703 721 2802 791 Of.
2844 722 3002 790 881.

621 938 727 1006 Vs·
778 937 908 1005 956
956 939 1155 1027 Tryg.
1204 939 1330 1018 ἄγε
1380 939 1451 1012 δή
1500 940 1571 1005 τὸ
1618 944 1837 1005 κανοῦν
1883 939 2098 1017 λαβὼν
2149 939 2224 1004 σὺ
2275 939 2379 1004 καὶ
2424 942 2533 1016 τήν
2575 941 2841 1024 χέρνιβα

778 1043 909 1110 957
1210 1047 1420 1126 περίιθι
1471 1047 1573 1110 τὸν
1619 1046 1834 1123 βωμὸν
1881 1044 2134 1126 ταχέως
2183 1045 2480 1124 ἐπιδέξιοι.

778 1149 909 1215 958
957 1149 1133 1217 Serv.
1211 1150 1377 1216 ἰδού·
1430 1151 1641 1229 λέγοις
1691 1149 1768 1216 ἂν
1813 1147 2010 1216 ἄλλο·
2060 1149 2493 1231 περιελήλυθα.

781 1253 911 1321 959
961 1256 1160 1345 Tryg.
1210 1256 1357 1337 Φέρε
1408 1255 1480 1330 δὴ
1526 1259 1593 1321 τὸ
1642 1256 1852 1322 δοὶλιον
1901 1256 2026 1322 τόδ’
2076 1254 2354 1339 ἐμβάψω
2403 1256 2640 1336 λαβών,

780 1361 912 1426 960
1210 1363 1429 1426 σείου
1478 1362 1568 1426 σὺ
1615 1361 1902 1441 ταχέως·
1955 1361 2032 1426 σὺ
2081 1361 2142 1426 δὲ
2193 1359 2467 1443 πρότεινε
2511 1369 2627 1427 τῶν
2675 1363 2824 1429 ὀλῶν

782 1465 911 1530 961
1208 1464 1401 1539 αὐτός
1442 1491 1512 1531 τε
1551 1469 1882 1546 χερνίπτου
1922 1465 2338 1546 παραδοὺς
2380 1466 2695 1542 ταύτην
2733 1467 2870 1546 ε’μοί

781 1573 913 1638 962
1208 1574 1313 1637 καὶ
1361 1580 1488 1646 τοῖς
1538 1573 1792 1646 θεαταῖς
1837 1576 2012 1654 ῥῖπτε
2063 1578 2180 1637 τῶν
2229 1572 2456 1652 κριθῶν.
2551 1623 2562 1630 .

620 1679 866 1744 Locum
929 1683 1304 1764 corruptum
1366 1685 1431 1744 et
1490 1680 1823 1744 turbatum
1877 1680 2114 1764 partim
2161 1680 2450 1743 restituit
2496 1677 2771 1766 Blaydes
2819 1683 3015 1746 corri-

620 1785 829 1871 gendo
890 1804 985 1850 vs.
1036 1783 1119 1849 99
1168 1784 1411 1849 σείσω
1460 1808 1545 1848 τε
1590 1783 1878 1863 ταχέως,
1928 1783 2036 1848 sed
2083 1782 2284 1847 nihilo
2333 1785 2550 1848 minus
2602 1783 2850 1869 reliqua
2901 1785 3014 1850 ob-

620 1911 803 1955 scura
841 1895 1102 1955 restant.
1147 1890 1451 1955 Ordinem
1490 1910 1801 1956 versuum
1840 1889 2174 1954 turbatum
2215 1887 2476 1972 quidem
2518 1909 2652 1954 esse
2688 1889 3012 1955 intellexit

621 1996 923 2060 Meineke
941 2044 958 2073 ,
1020 1997 1130 2062 sed
1189 1998 1373 2060 auxit
1390 2043 1407 2072 ,
1470 1997 1527 2059 si
1572 1994 1712 2060 fieri
1757 1998 2038 2079 poterat,
2090 1993 2527 2058 confusionom
2574 1996 2862 2079 ponendo
2911 2017 3011 2062 vs·

626 2101 752 2167 961
826 2108 972 2167 ante
1045 2101 1195 2166 960.
1268 2100 1465 2165 Nulla
1527 2100 1693 2165 mihi
1755 2121 1914 2184 opus
1975 2102 2100 2179 erit
2159 2100 2591 2184 disputatione
2609 2148 2626 2177 ‚
2694 2103 2749 2165 si
2793 2107 3011 2167 totum

620 2205 836 2272 locum
856 2255 873 2284 ,
921 2211 997 2271 ut
1044 2227 1081 2271 a
1128 2213 1315 2291 poeta
1360 2205 1720 2292 profectum
1770 2225 1905 2270 esse
1951 2205 2243 2281 arbitror,
2292 2205 2458 2270 infra
2504 2225 2876 2291 apposuero.

784 2310 915 2376 956
964 2312 1164 2399 Tryg.
1214 2309 1340 2389 ἄγε
1388 2310 1456 2385 δή
1507 2312 1575 2375 τὸ
1622 2316 1843 2375 κανοῦν
1889 2309 2105 2386 λαβὼν
2152 2311 2228 2373 σὺ
2279 2310 2384 2373 καὶ
2433 2311 2542 2384 τήν
2591 2309 2861 2391 χέρνιβα

788 2415 955 2484 957.
1218 2418 1430 2498 περίιθι
1478 2417 1578 2481 τὸν
1626 2415 1840 2493 βωμὸν
1886 2415 2136 2494 ταχέως
2186 2413 2499 2494 ἐπιδέξια,
2603 2435 2610 2440 ·

784 2522 914 2588 961
1212 2521 1400 2595 αὐτός
1447 2546 1517 2587 τε
1565 2522 1896 2602 χερνίπτου
1944 2519 2312 2607 παράδος
2357 2520 2414 2584 τ’
2464 2521 2720 2596 αὐτὴν
2769 2521 2927 2599 ἐμοί.

786 2627 917 2693 958
964 2627 1142 2695 Serv.
1221 2627 1383 2693 ἰδού·
1431 2627 1641 2705 λέγοις
1691 2625 1766 2692 ἂν
1813 2623 2010 2691 ἄλλο·
2062 2628 2492 2705 περιελήλυθα.

787 2731 916 2800 959
966 2735 1165 2821 Tryg.
1215 2734 1363 2815 Φέρε
1414 2734 1483 2809 δή
1532 2734 1601 2799 τὸ
1648 2733 1859 2799 δοὶλιον
1906 2730 2032 2797 τόδ’
2084 2730 2362 2813 ἐμβάψω
2411 2731 2627 2809 λαβὼν

790 2838 922 2903 960
1217 2840 1453 2905 σείσω
1502 2862 1586 2903 τε
1632 2839 1918 2917 ταχέως·
1968 2837 2045 2901 σὺ
2093 2837 2154 2902 δὲ
2206 2835 2478 2915 πρότεινε
2528 2843 2645 2902 τῶν
2695 2840 2843 2903 ὀλῶν

789 2944 920 3021 962
1148 3026 1154 3035 ¹
1216 2945 1319 3009 καὶ
1369 2926 1499 3017 τοῖς
1544 2945 1804 3017 θεαταῖς
1849 2948 2028 3027 ῥῖπτε
2080 2950 2197 3007 τῶν
2247 2944 2472 3023 κριθῶν.

625 3049 727 3115 Ita
762 3054 935 3115 enim
975 3053 1189 3115 omnia
1223 3056 1359 3115 tam
1396 3050 1566 3116 clara
1604 3055 1756 3115 sunt
1798 3070 1869 3115 ac
1909 3051 2241 3134 perspicua
2259 3097 2276 3126 ‚
2319 3054 2394 3113 ut
2427 3070 2900 3134 supervacuum
2924 3053 3012 3117 sit

626 3178 831 3221 unum
869 3157 1143 3222 verbum
1182 3157 1430 3223 addere.
1472 3155 1578 3222 Vs,
1610 3155 1743 3221 960
1769 3158 1967 3221 etiam
1989 3154 2254 3220 malim:
2303 3158 2427 3220 σεί
2445 3176 2590 3220 σων
2613 3178 2626 3194 ·
2680 3155 2770 3221 σὺ
2823 3155 2875 3221 δ’
2913 3154 3013 3221 αὖ

627 3262 879 3342 ταχέως
928 3260 1198 3343 πρότεινε
1244 3268 1363 3326 τῶν
1411 3262 1582 3326 ὀλῶν.

717 3478 824 3544 Vs.
875 3478 1004 3544 986
1053 3479 1253 3566 Tryg.
1300 3478 1399 3557 μοὶ
1449 3477 1550 3542 Δί’
1600 3480 1750 3543 ἀλλ’
1798 3476 2114 3558 ἀπόφηνον
2163 3473 2306 3552 ὅλην
2357 3482 2591 3552 σαυτὴν

1304 3590 1798 3664 γενναιοπρεπῶς
1847 3593 2038 3650 τοῖσιν
2087 3585 2383 3663 ἐρασταῖς

1306 3692 1472 3769 ήμῖν,
1519 3686 1768 3763 οἵ-σου
1815 3690 2253 3771 τρυχόμεθ’
2304 3688 2443 3766 ήδη

1304 3795 1488 3875 τκρία
1538 3796 1673 3861 καὶ
1725 3795 1881 3860 δέκ’
1931 3792 2089 3871 ἔτή.

625 3901 857 3972 ‚SchoL
920 3904 990 3967 τὸ
1055 3925 1106 3982 χ
1170 3898 1261 3968 ὅτι
1326 3903 1389 3967 οὐ
1438 3908 1768 3981 συμφωνεῖ
1811 3909 1938 3974 τοῖς
1985 3900 2220 3981 χρόνοις
2270 3896 2313 3967 ἃ
2362 3900 2573 3979 λέγει,
2623 3900 2729 3966 καὶ
2777 3901 2838 3966 ἕν
2884 3910 3015 3974 τοῖς

538 4010 542 4015 ’
646 4012 1004 4089 Λχαρνεῦσι
1068 4006 1257 4089 (266)
1316 4010 1505 4086 Φησίν
1572 4004 1770 4087 »ἕκτῳ
1833 4009 1889 4070 σ’
1949 4004 2070 4071 ἔτει
2122 4006 2428 4085 προσεῖδον
2477 4007 2566 4077 εἰς
2613 4006 2700 4070 τοὶ
2746 4006 3018 4088 χωρία”.

628 4115 850 4179 aaa&
913 4115 1052 4178 καὶ
1115 4114 1140 4177 ὃ
1193 4113 1644 4192 Φιλόχορος
1693 4114 1816 4176 ἀπὸ
1866 4111 2207 4192 Πυθοδώρου
2257 4119 2340 4193 (a.
2394 4110 2642 4192 43211),
2692 4114 2813 4191 ἀφ’
2863 4110 3015 4188 οὖή

627 4220 793 4300 ἀρχὴ
854 4225 959 4285 τοῦ
1025 4219 1300 4297 πολέμου
1366 4218 1531 4285 δοκεῖ
1590 4219 2010 4303 γεγενῆσθαι,
2075 4219 2267 4298 μέχρι
2318 4217 2606 4299 Ἰσάρχου
2658 4224 2741 4298 (a.
2793 4218 3022 4301 42413)

630 4326 1192 4404 καταριθμούμενος
1244 4327 1330 4397 εἰς
1378 4325 1463 4390 τὰ
1512 4328 1601 4402 ιγ’
1651 4322 1758 4399 ἔτη
1803 4323 2061 4402 συνάγει
2109 4325 2250 4396 τοὺς
2290 4322 2538 4403 χρόνους
2586 4329 2737 4403 (octo
2762 4328 3024 4389 tantum

636 4434 785 4497 anni
820 4432 1255 4508 intercedunt,
1297 4434 1521 4515 itaque
1560 4434 1807 4516 corrige
1856 4432 2076 4495 ἀλλὰ
2127 4430 2259 4495 καὶ
2310 4429 2468 4495 οὐδὲ
2521 4428 3022 4512 Φιλόχορος).
