3351 5463
678 381 809 446 334
1616 393 2118 444 memoramus.

766 563 1173 631 Scholiorum
1220 561 1413 627 modo
1459 559 1652 625 fiebat
1697 560 1962 623 mentio,
2010 556 2212 622 Plura
2255 579 2425 622 nunc
2465 557 2542 623 de
2579 559 2659 622 iis
2699 557 2867 622 mihi
2907 559 3062 620 sunt

675 669 970 746 dicenda3
1032 667 1238 732 allicit
1296 668 1468 731 enim
1530 664 1862 750 splendida
1923 663 2119 728 editio
2139 712 2156 742 ,
2223 684 2420 748 quam
2482 685 2685 749 nuper
2729 666 2798 727 in
2839 662 3060 732 lucem

672 778 887 842 emisit
948 772 1317 860 philologus
1380 772 1726 837 Britannus
1773 768 2180 834 Rutherford.
2229 769 2436 849 Quam
2485 769 2832 834 editionem
2850 815 2867 845 ,
2916 769 3061 852 ipsa

674 885 881 968 specie
944 876 1515 946 commendabilem
1532 924 1548 954 ,
1603 912 1687 924 —
1737 896 1904 941 novo
1967 877 2140 940 enim
2187 895 2386 960 eoque
2431 874 2911 962 elegantissimo
2958 878 3062 958 ty-

674 1009 905 1073 porum
965 1005 1197 1071 genere
1242 1003 1473 1049 excusa
1518 986 1615 1047 est
1662 985 1728 1046 et
1774 983 2104 1065 perspicue
2150 980 2501 1046 admodum
2549 980 2859 1064 disposita
2905 984 3060 1043 sunt

672 1113 835 1178 quae
878 1095 949 1157 in
986 1090 1198 1156 codice
1234 1089 1601 1154 Ravennate
1642 1091 1863 1150 extant
1901 1106 2188 1170 quaeque
2226 1086 2499 1172 legenda
2537 1091 2748 1151 censet
2784 1084 3061 1149 1111111101·-

671 1199 843 1276 ford,
885 1234 969 1246 —-
1010 1202 1085 1260 ut
1121 1197 1410 1280 primum
1447 1194 1525 1259 ab
1566 1192 1806 1257 editore
1846 1193 2115 1256 missam
2153 1195 2401 1277 accepi,
2441 1191 2812 1277 pervolvere
2837 1193 3053 1274 coepi,

671 1325 821 1390 prae
879 1304 1105 1368 ceteris
1167 1305 1384 1364 autem
1442 1296 1856 1364 advertebant
1920 1316 2024 1360 me
2091 1316 2252 1381 quae
2315 1297 2396 1362 ad
2455 1297 2664 1362 Ranae
2729 1298 3059 1380 pertinent

672 1407 929 1474 scholia.
977 1404 1194 1470 Multa
1237 1405 1459 1470 inveni
1505 1402 1778 1467 feliciter
1818 1407 2104 1466 correcta
2121 1451 2138 1479 ,
2179 1406 2495 1488 sagaciter
2535 1401 2835 1487 suppleta
2852 1450 2868 1477 ‚
2911 1406 3059 1484 apte

672 1515 992 1590 ordinata;
1043 1513 1147 1576 hic
1190 1510 1325 1576 illic
1373 1528 1533 1594 quae
1577 1511 1716 1594 ipse
1765 1510 1834 1571 in
1873 1507 2320 1574 Dindorfianae
2363 1509 2660 1575 editionis
2701 1507 3061 1593 exemplari

673 1641 815 1685 meo
877 1623 1329 1684 annotaveram
1390 1621 1695 1698 occupata
1757 1613 1914 1679 vidi.
1963 1612 2088 1678 Sed
2132 1634 2285 1678 mox
2331 1613 2616 1680 laetitiae
2667 1635 2882 1680 eomes
2927 1616 3059 1678 ivit

672 1725 873 1802 dolor,
920 1745 1070 1789 cum
1116 1721 1438 1806 aliquanto
1484 1719 1700 1805 plures
1746 1719 2008 1795 ἀπορίας
2026 1767 2043 1796 ,
2094 1739 2289 1802 (1110111
2337 1741 2455 1804 ope
2503 1741 2708 1787 novae
2755 1719 3059 1784 editionis

672 1829 840 1896 solvi
906 1832 1173 1914 possunt
1190 1874 1207 1905 ,
1276 1828 1643 1891 etiamnunc
1712 1829 1950 1888 restare
2021 1827 2323 1909 comperi.
2406 1824 2811 1910 Quamquam
2873 1823 3059 1888 nulla

672 1934 1110 2001 Rutherfordii
1178 1930 1367 2016 culpa
1431 1930 1498 1994 id
1567 1927 1815 1994 accidit.
1906 1929 2030 2009 Qui
2100 1949 2260 2013 quae
2329 1932 2667 2007 tractavit,
2745 1933 2840 1994 ita
2920 1951 3059 2015 per-

673 2042 975 2106 tractavit
1036 2038 1163 2103 fere
1226 2038 1441 2102 omnia
1499 2039 1576 2099 ut
1637 2033 1806 2099 clara
1865 2036 1998 2098 iam
2057 2033 2201 2100 luce
2247 2034 2655 2100 illustrentur
2669 2056 2687 2113 3
2739 2035 2853 2099 sed
2901 2056 3055 2100 cum

675 2167 801 2210 uno
870 2144 1084 2209 codice
1156 2142 1524 2207 Ravennate
1594 2141 1654 2204 ei
1716 2159 1815 2204 res
1875 2139 2000 2203 fuit
2018 2187 2034 2217 ,
2102 2139 2178 2204 de
2240 2142 2424 2204 0111118
2483 2139 2724 2206 notulis
2789 2143 3056 2206 omnino

672 2249 890 2316 valent
936 2268 1097 2332 quae
1143 2266 1290 2331 pag.
1336 2262 1478 2308 1111
1520 2243 2008 2308 introductionis
2053 2265 2206 2309 suae
2253 2247 2539 2329 scripsit:
2593 2245 2754 2322 „Let
2790 2265 2868 2310 us
2909 2266 3058 2330 sup-

677 2375 868 2439 „pose
928 2353 1037 2418 the
1098 2350 1301 2416 whole
1362 2350 1434 2414 of
1492 2349 1601 2413 the
1650 2348 1892 2414 scholia
1940 2370 2114 2434 upon
2160 2349 2616 2433 Aristophanes
2660 2355 2728 2420 to
2775 2351 2853 2415 be
2901 2371 3057 2415 non-

677 2461 1027 2538 „existent;
1070 2477 1185 2521 can
1224 2458 1280 2519 it
1315 2456 1393 2519 be
1432 2453 1719 2518 affirmed
1743 2454 1884 2519 that
1905 2475 2022 2520 our
2045 2457 2475 2539 appreciation
2499 2455 2573 2521 of
2588 2455 2697 2520 the
2721 2454 3055 2534 allusione,

676 2564 790 2643 „of
842 2564 951 2628 the
1013 2561 1207 2628 social
1252 2562 1742 2626 circumstances
1789 2560 1862 2624 of
1898 2562 2007 2625 the
2052 2561 2254 2644 poet’s
2303 2562 2462 2625 time
2482 2609 2498 2637 ,
2547 2561 2620 2626 of
2655 2561 2765 2625 the
2813 2561 3058 2647 signifi·

676 2690 905 2749 „cance
967 2669 1040 2734 of
1092 2668 1192 2733 his
1251 2666 1541 2752 parodies
1560 2715 1575 2744 ,
1640 2664 1854 2730 would
1915 2666 1994 2730 be
2041 2665 2425 2730 diminished
2469 2671 2538 2733 to
2585 2687 2712 2753 any
2755 2666 3058 2733 material

673 2773 976 2855 „extent‘l
1035 2774 1132 2839 On
1192 2774 1303 2838 the
1362 2778 1660 2859 contrary
1723 2772 1887 2837 etc.”
1953 2770 2046 2836 At
2089 2771 2300 2837 multo
2347 2775 2611 2838 maioris
2659 2758 2852 2859 pretii
2902 2779 3057 2838 sunt

670 2881 909 2947 scholia
952 2879 1181 2944 codicis
1224 2879 1487 2955 Veneti;
1538 2899 1697 2963 quae
1745 2880 1801 2942 si
1840 2898 1920 2943 ex
1960 2898 2097 2943 asse
2141 2881 2478 2963 periissent
2495 2928 2511 2956 ‚
2561 2878 2667 2944 101
2714 2881 2805 2943 810
2843 2878 3056 2945 Ranas

671 2984 955 3051 fabulam
1007 2982 1380 3068 intellegere
1442 3002 1591 3047 sane
1654 2987 1720 3047 et
1781 3004 1896 3047 suo
1959 2985 2162 3067 pretio
2228 2986 2561 3049 aestimare
2623 2990 2881 3068 possent
2939 2988 3055 3069 qui

670 3092 790 3157 hoc
836 3095 1097 3175 agerent
1139 3108 1343 3174 neque
1380 3090 1690 3173 'imparati
1736 3086 1816 3151 ad
1862 3089 2114 3152 Atticae
2161 3108 2380 3153 scenae
2427 3090 2543 3154 has
2581 3089 2842 3155 delicias
2883 3110 3052 3155 acce-

671 3195 890 3261 derent
906 3242 922 3271 ,
984 3192 1095 3258 sed
1146 3199 1361 3258 tamen
1407 3212 1594 3278 aegre
1642 3191 2148 3257 desiderarentur
2192 3193 2532 3278 prudentes
2581 3194 3055 3261 observationes

670 3306 962 3366 veterum
1031 3302 1609 3364 commentatorum
1627 3347 1643 3375 ,
1717 3301 2098 3383 aegriusque
2165 3297 2293 3363 loci
2361 3320 2435 3363 ex
2509 3298 2653 3363 01118
2712 3306 3055 3385 poetarum

667 3408 1059 3471 scenicorum
1124 3404 1421 3488 operibus
1482 3402 1672 3467 hodie
1735 3402 2081 3487 deperditis
2141 3403 2219 3468 ab
2284 3405 2366 3468 iis
2417 3403 2618 3469 allati.
2684 3402 2779 3469 De
2827 3409 3056 3471 ceteris

668 3511 901 3577 fabulis
945 3508 1111 3573 nihil
1156 3530 1324 3573 nunc
1370 3508 1613 3573 affirmo
1631 3556 1647 3584 ,
1691 3507 1978 3572 nondum
2017 3510 2188 3574 enim
2230 3529 2409 3573 meae
2448 3512 2724 3575 rationes
2763 3510 3060 3577 tulerunt

668 3621 746 3682 ut
791 3636 864 3680 ea
911 3634 1070 3699 (11100
1116 3616 1184 3677 111
1231 3612 1554 3677 codicibus
1602 3612 1661 3676 R
1708 3618 1772 3677 et
1818 3611 1873 3675 V
1912 3618 2132 3677 extant
2168 3613 2410 3679 scholia
2450 3617 2618 3679 inter
2657 3635 2722 3680 se
2761 3622 3057 3682 accurate

670 3721 1055 3795 conferrem,
1104 3717 1213 3782 sed
1260 3717 1335 3783 de
1380 3717 1575 3782 Ranis
1611 3716 1880 3782 fidenter
1918 3717 2222 3783 contendo
2261 3720 2331 3782 in
2368 3718 2757 3785 Ravennatis
2795 3721 3058 3787 scholiis

669 3829 782 3893 111
830 3828 1175 3910 quicquam
1223 3828 1439 3888 extare
1485 3823 1653 3908 quod
1701 3844 1925 3907 operae
1972 3827 2058 3889 sit
2103 3826 2385 3909 pretium
2403 3874 2420 3901 ,
2463 3846 2628 3909 quae
2667 3846 2818 3892 vero
2858 3825 3058 3891 Vene-

672 3938 777 3997 tus
847 3930 1038 3995 habet
1100 3950 1137 3993 a
1194 3928 1561 3993 Ravennate
1626 3931 1899 4006 omissa,
1965 3950 2040 3993 ea
2101 3930 2365 3995 demum
2431 3930 2628 4017 digna
2687 3951 2823 3996 esse
2887 3952 3052 4016 quae

670 4038 859 4103 hodie
905 4033 1125 4099 sedulo
1174 4031 1659 4117 perpendantur.
1703 4032 1958 4098 Passim
2005 4035 2178 4098 enim
2221 4035 2315 4099 ibi
2363 4034 2714 4099 afferuntur
2762 4036 3056 4101 observa-

670 4146 872 4208 tiones
917 4146 1212 4206 veterum
1256 4141 1830 4223 grammaticorum
1877 4139 2232 4203 Aristarchi
2279 4137 2636 4205 Callistrati
2677 4138 3054 4223 Apollodori

671 4246 918 4315 Crateri
962 4244 1201 4309 Ixionis
1236 4241 1552 4307 Demetrii
1589 4243 1858 4329 Didymi
1897 4243 2275 4329 Symmachi
2315 4242 2646 4311 Chaeridis
2687 4244 3055 4330 Euphronii

671 4350 1078 4417 Timachidae
1137 4347 1530 4432 Asclepiadis
1547 4397 1563 4425 ,
1642 4350 1883 4433 passim
1946 4349 2294 4414 afferuntur
2355 4349 2483 4414 1001
2542 4370 2621 4414 01
2682 4351 3052 4415 Aristotelis

671 4455 1040 4523 Philochori
1069 4452 1391 4519 Hellanici
1414 4453 1851 4519 Eratosthenis
1877 4452 2260 4521 Callimachi
2283 4455 2719 4542 Lycophronis
2744 4455 3051 4521 Herodici
