3351 5463
338 1009 483 1098 DE
538 1007 1123 1098 CARMINUM
1183 1008 1969 1100 HOMERIGORUM
2019 1003 2672 1100 RECENSIONE

1139 1144 1865 1236 PISISTRATEA.

1384 1379 1632 1422 SORIPSIT

1004 1526 1539 1597 MATTHAEUS
1581 1531 1999 1598 VALE'PON.

1286 1834 1716 1880 -0-383—0-

398 2075 857 2142 Recensionem
924 2075 1368 2141 Pisistrateam
1438 2073 1768 2161 explosam
1835 2076 1968 2139 iam
2037 2096 2074 2141 a
2131 2096 2330 2162 paene
2393 2078 2692 2143 omnibus

300 2185 464 2248 viris
528 2181 727 2248 doctis
788 2187 934 2254 ante
998 2181 1155 2246 duos
1218 2201 1410 2246 annos
1472 2180 1545 2244 L.
1595 2180 1874 2263 Ethardt
1932 2202 1995 2246 v.
2022 2180 2081 2245 d.
2112 2179 2185 2262 ¹),
2248 2201 2410 2248 anno
2474 2189 2693 2248 autem

304 2288 631 2372 superiore
693 2285 769 2352 P.
820 2284 1027 2352 Oauer
1072 2307 1136 2351 v.
1165 2285 1225 2350 d.
1252 2285 1326 2366 ²),
1387 2288 1457 2350 in
1502 2282 1836 2371 integrum
1882 2289 2218 2351 restituere
2265 2292 2528 2352 conatus
2573 2293 2689 2352 est.

302 2391 591 2478 Uterque
663 2411 805 2456 eam
872 2393 977 2455 vir
1044 2391 1266 2455 doctus
1335 2393 1429 2455 ita
1498 2393 1729 2476 accipit
1792 2395 1870 2454 ut
1937 2391 2352 2456 Pisistratum
2413 2395 2696 2458 carmina

302 2496 652 2562 Homerica
736 2494 1094 2581 colligenda
1168 2501 1234 2559 et
1320 2498 1554 2580 scripto
1637 2494 1994 2574 mandanda
2079 2517 2329 2562 curasse
2406 2503 2691 2575 censeat,

306 2608 538 2667 neuter
605 2606 823 2667 tamen
891 2605 1087 2686 negat
1156 2598 1294 2665 fieri
1362 2601 1647 2686 potuisse
1715 2606 1793 2664 ut
1858 2602 1991 2665 iam
2058 2607 2206 2666 ante
2274 2602 2692 2668 Pisistratum

308 2705 609 2794 singulae
672 2705 921 2792 aliquae
981 2711 1195 2791 partes
1250 2704 1485 2771 litteris
1531 2707 2059 2792 consignarentur
2087 2704 2159 2788 3).
2229 2705 2354 2773 Sed
2397 2707 2692 2774 nonnihil

301 2812 605 2878 differunt
664 2811 942 2877 Erhardt
997 2816 1062 2876 et
1109 2808 1333 2887 Gener,
1384 2811 1551 2896 quod
1595 2810 1712 2876 ille
1757 2817 1952 2898 negat
1998 2811 2362 2877 ordinandis
2409 2819 2474 2878 et
2521 2835 2688 2879 com-

296 2918 605 3004 ponendis
675 2917 1066 2984 carminibus
1128 2937 1387 3002 operam
1456 2916 1702 2983 dedisse
1773 2917 2193 2983 Pisistratum
2218 2916 2291 2999 4),
2362 2918 2468 2983 hic
2536 2940 2688 2984 vero

294 3029 487 3110 putat
530 3025 779 3089 minora
823 3025 1024 3088 etiam
1069 3023 1352 3108 episodia
1399 3044 1437 3087 a
1482 3024 1640 3088 viris
1679 3022 2075 3089 Pisistrateis
2113 3023 2409 3110 suppleta
2449 3045 2586 3090 esse
2611 3024 2686 3105 ⁵).

294 3129 388 3193 At
466 3148 619 3195 cave
695 3134 1033 3214 propterea
1111 3128 1326 3193 credas
1393 3125 1718 3194 Oauerum
1786 3150 1936 3194 cum
2005 3120 2412 3195 Lachmanno
2480 3130 2685 3195 facere

294 3235 581 3301 carmina
623 3234 970 3318 separatim
1015 3236 1165 3298 nata
1209 3254 1317 3298 eos
1362 3231 1698 3319 colligasse
1738 3239 2049 3299 censente.
2102 3231 2337 3300 Contra
2371 3234 2449 3298 de
2486 3254 2686 3320 parvo

293 3341 689 3427 procrevisse
735 3340 1066 3404 existimat
1114 3340 1179 3403 et
1224 3337 1491 3404 Iliadem
1540 3344 1606 3403 et
1652 3337 2007 3425 Odysseam
2053 3345 2118 3404 et
2165 3344 2514 3425 utrumque
2559 3360 2689 3405 car-

298 3466 455 3510 men
517 3448 802 3510 constare
864 3464 898 3509 e
944 3442 1169 3509 nucleo
1216 3442 1814 3529 additamentisque.
1864 3444 2076 3529 Atque
2122 3464 2272 3509 cum
2317 3442 2688 3510 Lachmann
2732 3460 2742 3471 ·

299 3556 497 3638 neg-et
540 3571 739 3616 unam
783 3550 979 3615 fuisse
1024 3548 1295 3614 Iliadem
1342 3552 1489 3614 ante
1532 3547 1620 3613 VI
1666 3570 1724 3613 a.
1773 3546 1923 3615 Chr.
1971 3573 2034 3614 n.
2083 3548 2432 3630 saeculum,
2482 3549 2690 3617 Cauer

299 3677 448 3723 eam
464 3704 482 3735 ,
545 3658 603 3722 si
664 3655 934 3721 discedis
995 3676 1033 3722 a
1094 3654 1560 3740 supplementis
1621 3653 1754 3719 illis
1814 3656 2070 3741 exiguis
2086 3705 2103 3735 ,
2168 3655 2280 3720 diu
2341 3662 2686 3743 antequam

374 3912 428 3979 1)
466 3911 555 3963 Die
587 3910 886 3979 Entstehung
920 3911 1005 3963 der
1040 3910 1191 3965 Hom.
1230 3911 1347 3963 Ged.
1387 3914 1516 3964 1894
1552 3929 1597 3979 p.
1630 3923 1866 3979 cvmsqq.
1897 3927 1950 3979 p.
1986 3914 2082 3963 511
2101 3928 2204 3979 sqq.

371 3994 426 4053 2)
460 3993 795 4061 Grundfragen
831 3997 917 4045 der
952 3995 1099 4047 Hom.
1139 3996 1267 4046 Krit.
1308 3995 1435 4045 1895
1470 4012 1521 4060 p.
1556 3994 1772 4045 69—98.

374 4077 429 4140 8)
463 4074 676 4127 Ethardt
709 4078 761 4130 ll.
796 4094 842 4143 p.
882 4077 994 4137 ⁵12,
1030 4078 1184 4127 Cauer
1218 4076 1290 4126 1.1.
1324 4092 1372 4143 p.
1406 4076 1487 4126 ⁹4.

370 4159 427 4223 4)
463 4156 535 4209 1.1.
580 4174 629 4223 p.
666 4158 763 4209 ⁵12
812 4156 968 4209 ‚Aber
1009 4158 1098 4207 wic
1142 4161 1332 4222 geum,
1380 4172 1430 4207 es
1473 4172 1574 4208 war
1614 4156 1721 4207 eine
1764 4156 2046 4223 Sammlung
2080 4154 2178 4208 und
2211 4153 2572 4223 Anfieiolmnng
2603 4155 2685 4209 des

300 4239 475 4291 bereits
508 4240 848 4298 butehenden.
887 4240 1028 4292 keine
1062 4240 1299 4303 Ordnnng
1333 4240 1430 4289 und
1464 4240 1746 4290 Redaction.

372 4324 427 4383 Β)
459 4321 530 4372 1.1.
575 4338 622 4387 p.
662 4320 724 4375 97
770 4320 1101 4386 [Pisistratus]
1143 4320 1286 4371 sohar
1324 4321 1414 4370 den
1462 4322 1747 4387 Rhapsoden
1791 4322 2003 4372 dadnrch
2052 4318 2159 4371 cine
2211 4321 2329 4371 feste
2377 4318 2656 4387 Grundlage
2670 4358 2686 4383 ,

302 4406 411 4453 <lasz
441 4420 495 4455 er
529 4404 681 4453 durch
714 4403 1141 4467 Sachverstindigc
1175 4403 1251 4453 dic
1285 4402 1499 4467 Gessngo
1527 4403 1762 4454 ummeln
1791 4403 1888 4452 und
1915 4402 2128 4463 sichten,
2159 4416 2231 4453 wo
2261 4420 2312 4453 es
2336 4402 2508 4473 nothig
2526 4405 2688 4455 achion

301 4487 454 4538 durch
488 4485 647 4543 kleine
680 4485 957 4535 Falletaoke
987 4488 1246 4549 organon,
1283 4485 1401 4545 und,
1435 4497 1531 4535 was
1564 4486 1648 4535 das
1680 4483 1947 4550 wiehtignte
1978 4501 2092 4549 war,
2124 4486 2454 4537 ausschroiben
2489 4486 2616 4537 lius.
2691 4502 2698 4509 ·
