3351 5463
726 343 811 409 10
1790 363 2025 412 nrvms.

722 527 870 591 Non
932 527 1134 592 crede.
1199 526 1470 591 Videtur
1528 532 1905 612 corruptum
1966 549 2135 605 esse;
2202 527 2311 592 sed
2382 528 2535 612 quid
2592 530 3081 594 restituendum
3098 529 3132 593 ‘2

721 631 1103 717 Scripsitne:
1154 633 1318 696 dicta
1345 635 1651 718 factaque
1698 634 1765 696 in
1812 657 1869 696 u.
1930 635 1990 697 0.
2038 656 2089 698 8.
2138 635 2599 698 incumbunt
2644 636 2947 715 inqenium
2967 685 2984 712 ,
3040 641 3131 700 ut·

722 736 941 806 Cicero
1005 760 1118 823 pro
1183 737 1381 803 Balbo
1445 737 1531 802 58
1595 747 1662 801 ut
1722 740 1791 802 in
1838 762 1924 802 me
1967 763 2147 802 unum
2194 740 2383 803 omnis
2428 740 2549 803 illa
2594 740 2913 804 inclinatio
2962 764 3129 804 com-

717 845 980 907 munium
1022 852 1342 926 temporum
1380 845 1755 920 incumberet,
1797 846 1860 908 h.
1890 866 1941 908 e.
1985 866 2091 910 me
2132 867 2337 909 unum
2362 851 2642 931 urgeret,
2672 848 3076 932 opprimeret
3095 844 3127 910 ’ἶ

717 951 853 1014 An:
918 951 1084 1012 dicta
1125 951 1201 1034 f.
1250 950 1318 1012 in
1365 973 1425 1012 u.
1483 951 1546 1014 C.
1595 950 2018 1012 inclinant
2080 950 2242 1031 (scil.
2294 950 2530 1034 plebeii
2577 952 2895 1032 homines)
2940 953 3123 1032 inqe-

710 1055 983 1137 yenium,
1050 1057 1114 1120 h.
1142 1077 1194 1118 e.
1259 1058 1638 1139 imponunt,
1703 1058 2067 1140 imputant,
2133 1062 2208 1120 ut
2270 1059 2339 1120 in
2390 1057 2451 1120 5.
2478 1056 2541 1121 8.
2576 1056 2657 1122 12
2706 1080 2834 1120 cum
2882 1081 3119 1122 omnem

716 1161 950 1244 culpam
1018 1162 1086 1225 in
1156 1162 1439 1241 colleyam
1508 1160 1835 1224 inclinaret
1850 1163 1886 1224 ,7
1955 1161 2147 1227 Verbi
2208 1162 2589 1248 significatio
2644 1166 2863 1228 minus
2910 1164 3119 1230 solita

715 1267 902 1332 facile
949 1268 1240 1333 fraudem
1285 1268 1487 1332 facere
1533 1271 1745 1353 potuit
1796 1267 2082 1332 librario·

810 1372 967 1438 Mox
1027 1377 1272 1459 corrigo
1337 1373 1680 1437 resistebat:
1747 1395 2141 1459 quamquam
2202 1372 2397 1442 Caeso
2461 1395 2629 1440 unus
2678 1396 2757 1440 ex
2806 1378 3117 1442 omnibus

719 1480 1077 1564 petebatur,
1127 1485 1341 1544 tamen
1387 1479 1714 1565 impavide
1760 1481 2113 1545 resistebat.

816 1719 868 1762 c.
924 1697 1027 1761 14.
1058 1696 1118 1761 3.
1201 1699 1340 1760 Oum
1391 1746 1406 1762 .
1435 1747 1450 1762 .
1478 1746 1496 1763 .
1545 1700 1773 1762 tribuni
1822 1748 1836 1764 .
1868 1749 1881 1764 .
1911 1747 1926 1765 .
1984 1699 2260 1763 Caesoni-5
2320 1698 2505 1762 exilio
2553 1722 2751 1782 prope
2803 1701 3115 1782 perlatam

723 1824 845 1866 esee
907 1805 1212 1866 crederent
1259 1804 1440 1884 leqem
1489 1813 1580 1882 et,
1641 1809 1801 1890 quod
1844 1807 1929 1869 ad
1968 1807 2227 1870 seniores
2270 1813 2511 1886 patrum
2542 1805 2913 1887 pertineret,
2966 1829 2997 1869 c
3013 1831 3047 1869 e
3062 1830 3120 1870 s-

720 1930 751 1971 3
766 1909 877 1971 iss
893 1931 924 1971 e
939 1916 1022 1971 nt
1055 1910 1430 1990 possessione
1473 1911 1842 1993 reipublicae
1860 1960 1876 1989 ,
1924 1911 2189 1974 iuniores
2209 1959 2225 1988 ,
2277 1911 2349 1973 id
2392 1911 2645 1973 manime
2693 1913 2851 1995 quod
2904 1913 3119 1975 Caeso-

721 2014 820 2077 nis
864 2015 1218 2078 sodalicium
1247 2016 1399 2100 fuit
1414 2065 1430 2090 ,
1483 2039 1704 2080 austere
1748 2018 1878 2080 irae
1926 2029 2091 2094 <non
2136 2016 2478 2079 minuerunt
2523 2017 2820 2081 animos).

812 2121 1144 2186 Postrema
1205 2122 1398 2187 verba
1461 2143 1539 2186 ex
1600 2127 1894 2209 margine
1954 2121 2137 2186 illata
2184 2122 2504 2187 videntur.
2554 2123 2755 2187 Porro
2801 2124 3113 2188 cessissent

721 2229 1143 2310 grammatice
1192 2227 1551 2292 subiectum
1599 2229 1794 2294 habet
1841 2230 2106 2292 tribunos
2123 2275 2139 2304 ,
2190 2227 2300 2292 sed
2346 2227 2554 2314 logice
2579 2235 2799 2310 patres
2817 2278 2834 2307 ,
2875 2250 3107 2294 verum

707 2334 927 2396 fnonne
991 2331 1217 2396 Livius
1281 2333 1457 2397 dedit
1517 2332 1823 2398 cessisset?
1887 2340 1959 2398 ut
2022 2340 2344 2398 structura
2405 2336 2525 2399 sit:
2597 2334 2705 2412 „id
2765 2339 2865 2413 (ea
2910 2344 3106 2419 pars),

722 2435 892 2522 quod
940 2437 1019 2500 ad
1065 2458 1114 2501 s.
1164 2460 1224 2523 p.
1271 2442 1649 2523 pertineret,
1701 2439 2052 2517 cessisset”‚
2102 2442 2203 2504 uti
2248 2459 2435 2505 mox:
2484 2440 2587 2518 id,
2632 2442 2791 2524 quod
2836 2442 2897 2504 C.
2936 2445 3109 2505 eoda-

721 2543 927 2606 licium
971 2543 1141 2629 fuit.
1218 2541 1315 2611 Of.
1381 2544 1588 2610 Taciti
1646 2547 1725 2610 A.
1796 2545 1855 2611 3.
1885 2545 1971 2612 48
2032 2547 2196 2609 nihil
2255 2548 2339 2610 ad
2382 2554 2628 2610 veterem
2676 2553 2733 2612 et
2766 2547 3102 2629 patriciam

721 2649 1120 2733 Sulpiciorum
1147 2652 1475 2736 familiam
1530 2653 1847 2735 Quirinius
1880 2652 2207 2736 pertinuit.

811 2890 863 2933 c.
918 2868 1022 2934 19.
1053 2870 1113 2935 6.
1181 2872 1375 2934 Aulus·
1393 2919 1410 2949 ‚
1473 2872 1672 2956 inquit
1690 2920 1706 2949 ‚
1758 2873 1867 2935 ille
1928 2872 1985 2936 V
1978 2871 2276 2952 eryiniue,
2327 2873 2472 2957 quia
2519 2874 2585 2937 in
2640 2874 2945 2957 Capitolio
2984 2898 3102 2939 non

701 2962 884 3060 fuit,
950 2976 1146 3039 minue
1206 2976 1498 3059 supplicii
1560 3001 1734 3062 quam
1796 2980 1914 3060 Ap.
1980 2978 2328 3042 Herdonius
2374 2980 2590 3041 meruit
2607 2980 2643 3042 ?
2675 2980 2826 3062 plue
2868 2981 3103 3045 hercule

718 3080 1031 3166 aliquanto
1051 3130 1067 3159 ,
1118 3082 1222 3166 qui
1267 3104 1402 3145 vere
1449 3084 1765 3147 aestimare
1810 3085 1975 3149 velit.

819 3187 937 3267 Qui
982 3212 1060 3237 =
1107 3188 1163 3250 ei
1223 3188 1357 3271 quis
1416 3188 1647 3254 Muell.
1712 3190 1801 3253 At
1863 3194 1952 3255 sic
2015 3190 2228 3255 dixere
2293 3196 2548 3255 tantum
2610 3194 2872 3268 comici,
2920 3190 3103 3257 velut

721 3292 1056 3357 Terentius
1116 3295 1184 3356 in
1238 3292 1497 3380 Hecyra
1546 3293 1711 3358 608:
1760 3296 1917 3357 istuc
1962 3302 2047 3357 eet
2091 3318 2300 3377 sapere
2317 3344 2332 3373 ‚
2362 3298 2488 3379 ‘qui
2505 3346 2520 3373 ‚
2570 3296 2910 3381 ubicumque
2958 3319 3102 3378 opus

717 3399 819 3477 cit,
862 3400 1122 3462 animum
1156 3400 1359 3481 possis
1388 3402 1638 3483 flectere
1683 3400 1906 3485 (Driig.
1950 3400 2012 3464 H
2053 3399 2204 3478 511,
2245 3405 2428 3466 cuius
2466 3409 2683 3468 tamen
2722 3425 2866 3468 cxx.
2915 3401 3102 3466 Plau-

719 3506 854 3569 tina
905 3507 1030 3569 huc
1077 3527 1201 3570 non
1249 3508 1616 3590 pertinent).
1658 3506 1876 3571 Hosne
1916 3509 2123 3593 igitur
2163 3508 2362 3573 semel
2400 3511 2694 3574 imitatus
2733 3512 2831 3574 est
2869 3514 3095 3586 noster,

721 3630 801 3673 en
846 3615 922 3674 ut
969 3610 1170 3696 vulgo
1219 3614 1474 3696 scripsit
1522 3612 1577 3673 ci
1622 3613 1758 3696 quis
1804 3612 1894 3693 (6.
1927 3613 2029 3676 11.
2059 3611 2099 3675 4
2147 3611 2299 3692 al.)?
2366 3702 2373 3709 ·

807 3834 859 3877 c.
903 3813 1009 3878 20.
1043 3814 1102 3878 6.
1153 3812 1457 3880 Consules
1500 3815 1829 3880 edixerant
1870 3822 1945 3879 ut
1984 3836 2235 3900 omneS,
2280 3818 2391 3900 qui
2429 3818 2497 3879 in
2535 3817 2731 3881 verba
2751 3819 3092 3895 iurassent,

714 3922 990 3985 crastino
1056 3919 1156 3983 die
1220 3923 1454 3984 armati
1503 3920 1581 3985 ad
1626 3920 1845 3985 lacum
1894 3919 2227 4006 Regillum
2274 3922 2582 3986 adessent.
2636 3922 2933 3985 Cavillari
2978 3931 3094 3985 tum

713 4025 942 4088 tribuni
1014 4032 1070 4088 et
1127 4027 1423 4108 populum
1485 4027 1781 4090 exsolvere
1842 4027 2133 4107 reliyione
2195 4027 2365 4092 velle.
2432 4027 2550 4090 Sed
2608 4030 2863 4091 noudum
2918 4028 3058 4091 haec
3074 4077 3090 4106 ,

712 4154 863 4217 quae
931 4154 1088 4195 nunc
1157 4139 1315 4195 tenet
1383 4133 1683 4195 saeculum
1703 4181 1718 4209 ,
1781 4134 2153 4213 neqleqentia
2218 4136 2389 4195 deum
2448 4140 2690 4196 venerat
2740 4182 2755 4198 .
2785 4182 2798 4198 .
2832 4182 2846 4197 .
2895 4134 3091 4214 Iyitur

710 4237 971 4314 tribuni,
1043 4244 1111 4300 ut
1173 4238 1585 4319 impediendae
1647 4239 1739 4300 rei
1800 4239 1977 4301 nulla
2038 4259 2170 4319 spec
2232 4245 2394 4315 erat,
2464 4240 2539 4301 de
2586 4229 3088 4323 proferendo

710 4366 740 4406 e
757 4367 798 4405 x
815 4343 978 4406 erci
998 4350 1079 4406 tu
1151 4365 1326 4423 ayere
1343 4371 1370 4418 ;
1434 4366 1497 4406 eo
1562 4344 1751 4423 mayis
1771 4393 1787 4421 ‚
1852 4346 2011 4429 quod
2068 4352 2125 4407 et
2186 4366 2440 4424 auqures
2500 4343 2689 4406 iussos
2752 4346 2957 4408 adesse
3014 4348 3093 4409 ad

716 4448 909 4511 lacum
955 4448 1260 4530 Regillum
1289 4449 1482 4535 fama
1529 4448 1759 4511 exierat
1807 4450 2105 4533 locumque
2150 4448 2528 4530 inauqurari.
