3351 5463
1056 479 1063 484 ·
1164 406 1249 454 nn
1293 407 1443 455 tuan
1489 409 1768 456 nomm.
2525 391 2654 460 247

282 573 632 654 ἐξαγωγῆς.
695 575 940 640 Rursus
1004 576 1284 640 obtinuit
1346 575 1516 660 apud
1579 573 1801 642 Gallos
1867 577 1984 641 sub
2049 579 2306 652 nomine
2353 586 2560 642 veatae
2589 577 2658 660 ¹),

282 701 441 766 quae
484 681 802 746 descendit
845 702 923 745 ex
966 680 1222 766 legibus
1268 682 1679 746 barbarorum
1705 681 1778 763 ²),
1831 688 1896 746 et
1941 683 2132 750 hodie
2179 706 2305 749 non
2342 688 2660 770 sapienter

278 789 632 852 remittitur
659 787 729 868 ³),
796 789 979 871 quasi
1038 784 1264 851 libello·
1323 790 1478 852 satis
1543 788 1995 872 comprehendi
2055 792 2290 874 possit,
2353 792 2507 876 quid
2568 795 2662 857 rei

277 891 630 958 immobilis
667 894 735 957 in
773 891 1089 956 iudicium
1126 894 1345 956 veniat
1370 893 1443 971 ⁴),
1484 892 1675 957 modo
1716 893 1952 958 fundus
1991 893 2252 961 locusve
2290 895 2662 984 designetur

273 1021 388 1084 per
430 999 589 1087 duos
636 1000 880 1063 vicinos
928 1003 992 1062 et
1037 1003 1337 1062 naturam
1383 997 1568 1062 fundi
1614 1004 1678 1062 et
1723 1001 1791 1063 in
1842 1016 1968 1085 quo
2017 1003 2102 1064 sit
2141 1003 2498 1080 territoriO,
2547 1002 2657 1068 vel

274 1125 385 1192 per
442 1125 675 1169 nomen
736 1102 920 1166 fundi
985 1091 1051 1168 et
1112 1125 1239 1188 quo
1300 1102 1427 1168 loci
1489 1106 1575 1169 sit
1595 1107 1669 1184 ⁵).
1737 1104 1958 1190 Longe
2002 1105 2238 1171 melius
2288 1110 2654 1194 exigeretur

271 1207 448 1274 fnn'di
514 1208 721 1274 locive
786 1209 1112 1285 circuitiO,
1184 1210 1320 1273 sive
1384 1209 1461 1273 de
1524 1212 1920 1294 possessione
1983 1217 2216 1297 agatur
2241 1212 2315 1293 ⁸),
2384 1216 2519 1278 sive
2580 1217 2650 1278 in

271 1337 441 1394 rem,
504 1318 643 1380 sive
694 1305 762 1377 in
808 1335 1147 1399 personam
1164 1335 1181 1393 3
1230 1317 1297 1377 in
1343 1335 1482 1378 rem
1526 1317 1651 1392 ita,
1703 1317 1759 1379 si
1803 1317 1881 1381 ab
1926 1318 2113 1381 initio
2164 1321 2466 1402 petitorio
2511 1341 2658 1406 aga-

273 1426 395 1485 tur.
462 1421 599 1498 Aut
616 1467 633 1498 ,
685 1421 741 1483 si
787 1419 1080 1504 displicet
1124 1421 1415 1484 circuitio
1434 1467 1451 1496 ,
1500 1421 1893 1506 exigendum
1940 1428 2072 1499 est,
2123 1425 2420 1489 omnibus
2465 1428 2658 1490 actio-

272 1527 487 1604 nibus,
534 1526 769 1611 quibus
810 1545 909 1590 res
945 1524 1299 1590 immobilis
1340 1524 1734 1610 designetur,
1775 1533 1850 1592 ut
1889 1527 2092 1591 forma
2131 1528 2420 1608 addatur,
2460 1552 2654 1616 quam

270 1631 563 1716 publicus
631 1608 1027 1713 agrimensor
1089 1629 1196 1695 vel
1269 1631 1593 1716 scripserit
1658 1630 1765 1697 vel
1834 1635 2374 1717 comprobaverit3
2447 1637 2655 1722 qualis

270 1738 454 1802 hodie
518 1759 552 1802 e
613 1737 762 1822 lege
830 1735 1193 1802 Australica
1258 1739 1434 1822 exigi
1494 1741 1708 1822 potest
1770 1739 1848 1803 ab
1909 1741 2026 1817 iis,
2091 1743 2204 1824 qui
2267 1743 2524 1827 praedia
2585 1747 2654 1808 in

268 1843 518 1929 publica
573 1849 995 1909 monumenta
1042 1849 1117 1907 ut
1162 1845 1573 1927 recipiantur,
1624 1843 2077 1928 postulabunt,
2126 1852 2191 1911 et
2236 1851 2658 1932 praescriben-

271 1949 423 2013 dum
484 1955 616 2028 est,
682 1948 833 2014 talis
894 1950 1098 2014 forma
1117 1997 1134 2026 ‚
1192 1952 1248 2013 si
1307 1949 1501 2014 iudex
1564 1961 1679 2035 per
1725 1953 2107 2016 sententiam
2154 1974 2339 2019 suam
2385 1956 2464 2020 ad
2509 1977 2652 2022 eam

266 2058 619 2132 remiserit,
669 2061 743 2120 ut
789 2056 1012 2121 eadem
1057 2053 1372 2140 religione
1421 2060 1730 2134 servetur,
1781 2077 1906 2141 qua
1950 2061 2286 2123 servantur
2321 2061 2654 2127 iudicatio·

265 2164 360 2225 nis
424 2167 629 2248 gesta.
692 2162 834 2227 Hoc
898 2161 1039 2226 ideo
1061 2210 1077 2239 ,
1144 2164 1293 2246 quia
1352 2183 1457 2226 me
1520 2161 1738 2226 docuit
1797 2163 2142 2228 Robernier
2167 2171 2238 2244 ⁷),
2297 2166 2650 2232 officiorum

263 2269 578 2352 principes
600 2315 617 2344 ,
668 2268 900 2352 quibus
950 2273 1285 2354 gestorum
1331 2289 1482 2332 cura
1526 2269 1890 2348 mandatur,
1939 2272 2065 2335 nisi
2107 2271 2255 2358 lege
2295 2295 2651 2341 commone-

265 2371 417 2437 fiant
435 2421 459 2454 2
498 2372 665 2438 nihil
708 2373 1074 2460 intelligere
1122 2373 1307 2439 velle.

393 2537 667 2588 Scribebam
700 2537 911 2588 Traiecti
943 2540 1003 2588 ad
1038 2538 1261 2588 Rhenum
1296 2553 1453 2588 mense
1486 2537 1646 2603 Aprili
1684 2540 1830 2590 1896.

325 2822 383 2887 1)
419 2824 708 2887 Kappeyne,
740 2822 829 2871 l.l.
867 2838 916 2886 p.
954 2822 1070 2871 153.

326 2906 381 2967 2)
416 2904 636 2963 Laband,
681 2904 994 2967 Vermiiqeusr.
1032 2903 1222 2967 Klaqen
1254 2919 1301 2967 p.
1338 2905 1523 2953 230⁰.

324 2988 381 3051 3)
410 2988 519 3037 Iam
554 2986 890 3035 remittebatur
924 2985 1219 3050 temporibus
1252 2984 1452 3034 Roberti
1487 2986 1706 3046 Pothier,
1741 2986 1941 3038 Prot-dd.
1977 2989 2063 3039 civ.
2097 3006 2175 3039 no.
2214 2992 2324 3042 108.

324 3068 382 3131 4)
422 3068 855 3133 Oivilprozessordn.
891 3068 1047 3130 5230.
1847 3087 1853 3093 ·

324 3152 379 3213 5)
418 3151 524 3199 eod.
562 3153 621 3201 de
642 3167 776 3215 proc.
817 3150 902 3200 civ.
938 3152 1029 3199 art.
1075 3149 1157 3197 64.

324 3232 382 3296 ὃ)
426 3232 485 3281 In
530 3232 835 3297 possessionis
879 3230 1203 3281 controversia
1251 3230 1559 3297 praecipuam
1606 3246 1707 3282 csse
1739 3232 2040 3283 circuitionis
2075 3234 2360 3296 utilitatem,
2399 3252 2486 3286 cur
2518 3237 2645 3288 dicat

256 3313 416 3363 Emer
450 3314 559 3377 (1.1.
595 3331 642 3379 p.
681 3315 819 3377 190).
864 3312 1037 3363 nescio.

330 3394 387 3455 7)
421 3398 600 3447 Preuve
630 3397 691 3445 da
724 3398 773 3445 la
793 3393 1041 3461 proprifte‘
1070 3394 1095 3443 I
1130 3395 1301 3459 (1843)
1334 3412 1381 3461 p.
1417 3397 1515 3447 299
1535 3413 1604 3461 sq.
