3351 5463
580 358 585 368 Ι
676 381 807 516 3ίξ4
1759 399 2079 448 karus-rs.

671 565 777 632 vel
825 565 931 630 VI.
981 566 1044 631 2.
1077 566 1195 632 12:
1249 565 1348 629 ἐπὶ
1400 567 1589 642 νήσων
1638 566 1943 639 πλεύσας.
1994 566 2213 632 Etiam
2255 566 2642 632 Plutarchus
2679 568 2770 632 ita
2807 565 3073 632 locutus

671 677 769 738 est
804 675 873 736 in
910 675 1048 737 vita
1085 672 1386 738 Aristidis
1427 693 1479 737 c.
1526 672 1585 736 5.
1644 671 1768 738 Sed
1808 693 2003 758 quam
2038 671 2375 738 insolitum
2419 678 2515 737 est
2563 671 2663 736 ἐπὶ
2710 678 2826 738 τῶν
2873 672 3075 746 νήσων

672 776 808 843 ποιῐ
878 778 1177 864 Explicat
1244 779 1800 862 Breitenbachius:
1873 779 1974 843 ἐπὶ
2039 785 2155 843 τῶν
2221 781 2406 852 νήσων
2471 781 2633 851 τινὸς
2695 778 2799 844 vel
2862 787 3061 845 τινῶν.

671 882 947 951 Cobetus
989 887 1519 971 praepositionem
1559 886 1873 971 expunxit
1912 906 2117 970 neque
2158 884 2504 950 Holwerda
2545 885 2666 953 hoc
2701 887 3063 971 improbat;

668 990 966 1076 equidem
1028 1012 1178 1056 cum
1240 989 1640 1056 Hartmanno
1699 992 1858 1056 facio
1877 1040 1894 1069 ,
1943 994 2048 1056 cui
2093 990 2422 1057 medicina.
2452 1013 2584 1056 non
2629 991 2916 1058 sufficere
2966 995 3063 1058 vi-
3107 1025 3114 1030 ·

670 1098 875 1163 detur.
922 1095 1245 1163 'Peleutias
1290 1096 1580 1185 singulas
1630 1097 1924 1182 deinceps
1969 1089 2216 1162 insulas
2263 1096 2397 1162 adit
2442 1097 2827 1183 tandemque
2865 1095 3068 1185 Aegi-

668 1225 819 1269 nam
867 1205 1081 1269 venit:
1131 1203 1287 1288 quid
1334 1206 1389 1268 si
1436 1224 1667 1270 verum
1716 1207 1814 1269 est
1860 1203 2018 1268 ἀπὸ
2063 1209 2180 1268 τῶν
2227 1206 2416 1279 νήσων
2462 1201 2644 1268 rou?

759 1308 1091 1373 LXXXII.
1160 1308 1321 1375 Ibid.
1371 1309 1444 1375 V.
1500 1309 1559 1374 1.
1589 1308 1664 1374 5:
1719 1310 2170 1390 ἐπολιορκοῦντο
2217 1313 2466 1386 μᾶλλον
2513 1310 2563 1374 οἱ
2615 1309 2676 1372 ἒν
2713 1309 2798 1389 τῷ
2837 1292 3065 1375 ἐπιτει-

669 1414 946 1494 χίσματι
1010 1420 1158 1478 τῶν
1220 1414 1661 1488 Ἀθηναίων
1710 1414 1744 1489 ἢ
1795 1415 1848 1480 οἱ
1899 1415 1958 1478 ἐν
2008 1423 2084 1496 τῇ
2137 1413 2314 1479 πόλει
2363 1413 2525 1494 (scil.
2573 1415 2626 1478 οἱ
2675 1414 3057 1496 Αἰγινῆται).

668 1519 1158 1586 Incommodum
1202 1525 1301 1584 est
1347 1521 1518 1605 quod
1563 1523 1774 1586 nescio
1825 1524 1968 1605 quis
2015 1519 2351 1606 adscripsit
2396 1526 2543 1584 τῶν
2593 1519 3058 1599 Ἀθηναίων,

671 1627 749 1692 cf.
800 1626 1347 1691 Breitenbachius.
2950 1653 2966 1664 ·

759 1730 1125 1795 LXXXIII.
1192 1731 1354 1796 Ibid.
1396 1730 1470 1796 V.
1526 1731 1583 1796 1.
1612 1731 1654 1798 8
1704 1729 2038 1818 Gorgopas
2086 1730 2474 1805 ἔπὴκολούθει
2522 1731 2694 1797 κατὰ
2744 1731 2850 1796 τὸν
2894 1744 3062 1808 λαμ-

668 1843 877 1916 πτῆρσι
924 1836 1580 1915 ὑπολειπόμενος
1627 1833 1790 1908 ὅπως
1836 1839 1925 1913 μῆ
1973 1837 2234 1918 Φανερὸς
2283 1835 2394 1910 εἴη.
2435 1835 2708 1922 Supple:
2767 1836 3057 1914 ὀλίγον

671 1943 770 2006 ὑπ
802 1941 1403 2017 ολειπόμενος.-
2701 1997 2708 2004 .

756 2046 1115 2114 LXXXIV.
1171 2048 1334 2114 Ibid.
1384 2047 1460 2115 V.
1516 2047 1645 2115 1.8
1693 2051 1994 2114 continuo
2041 2049 2370 2134 sequitur:
2419 2047 2654 2113 λίθων
2701 2073 2771 2112 τε
2817 2047 3056 2130 ψόφῳ

668 2161 785 2221 τῶν
834 2159 1134 2222 κελευςῶν
1179 2154 1317 2218 ἀντὶ
1366 2159 1577 2235 Φωνῆς
1622 2155 1949 2247 χρωμένων
1990 2156 2095 2222 καὶ
2144 2164 2612 2237 παραγωγῇ
2659 2161 2776 2220 τῶν
2816 2161 3053 2220 κωπῶν.

628 2245 841 2326 'Haec
887 2261 1081 2326 verba
1126 2278 1275 2325 cum
1321 2259 1505 2326 valde
1552 2261 1818 2327 obscura
1861 2263 1992 2326 sint
2009 2311 2024 2340 ,
2074 2263 2360 2347 primum
2406 2261 2709 2327 adeamus
2745 2263 3056 2346 interpre-

662 2371 779 2432 tes.
841 2365 1207 2431 Secundum
1268 2365 1629 2432 Brodaeum
1692 2368 2047 2449 ποιρωγωγῆ
2110 2374 2227 2433 τῶν
2290 2374 2501 2433 κωπῶν
2563 2371 2660 2432 est
2708 2381 3052 2452 „perversa

662 2493 989 2538 remorum
1049 2474 1352 2558 agitatio;
1410 2471 1485 2536 fit
1546 2479 1766 2539 autem
1820 2473 1973 2553 hoc,
2025 2496 2175 2540 cum
2221 2476 2457 2540 sensim
2500 2475 2570 2538 in
2615 2493 2852 2558 aquam
2900 2474 3051 2538 mit-

662 2584 910 2657 tuntur,
983 2581 1095 2663 qui
1160 2598 1301 2643 mos
1367 2580 1594 2663 piratis
1665 2580 2026 2665 frequens.”
2099 2581 2418 2664 Loquitur
2475 2581 2578 2646 vir
2637 2578 3050 2644 doctissimus

663 2686 844 2769 quasi
887 2686 1025 2770 ipse
1071 2683 1407 2770 aliquando
1446 2706 1485 2750 a
1521 2687 1750 2770 piratis
1789 2691 2015 2772 captus
2053 2687 2173 2753 hoc
2211 2706 2394 2772 saepe
2431 2684 2701 2764 viderit3
2743 2684 3043 2769 equidem

660 2796 878 2857 tamen
942 2790 1097 2874 quid
1157 2790 1325 2855 dicat
1383 2812 1510 2855 non
1554 2791 1874 2877 intelligo·
1923 2791 2342 2859 Schneiderus
2385 2794 2498 2876 qui
2543 2790 2911 2857 Weiskium
2956 2810 3048 2857 se-

661 2899 903 2982 quitur,
967 2899 1157 2982 putat
1219 2915 1472 2973 „remos
1534 2917 1649 2981 per
1701 2918 2028 2964 summam
2073 2918 2306 2983 aquam
2348 2899 2674 2963 immissos
2690 2944 2707 2974 ,
2757 2896 3049 2985 palmula

658 3000 795 3065 lata
873 3002 941 3064 in
1008 3000 1413 3085 superficiem
1482 3000 1655 3068 illisa
1672 3051 1689 3081 ‚
1763 3024 1993 3069 sonum
2063 3004 2428 3068 exhibuisse
2443 3051 2460 3080 ‚
2531 3022 2658 3088 quo
2727 3000 3046 3067 celeustae
3128 3080 3135 3085 ,

658 3107 1007 3172 utebantur
1068 3128 1183 3191 pro
1228 3106 1450 3172 voce.'’
1513 3106 1609 3173 De
1657 3130 1812 3175 sono
1859 3111 2184 3175 consentio
2203 3156 2220 3186 ,
2269 3108 2380 3173 sed
2428 3113 2854 3193 potueruntne
2900 3128 3046 3173 eam

658 3208 888 3277 Graeci
949 3214 1343 3292 παραγωγήν
1400 3210 1763 3297 appellare?
1821 3214 2348 3280 Breitenbachius
2405 3213 2628 3289 scribit
2683 3212 3043 3279 hortatores

659 3316 1105 3405 „gewohnlich
1166 3320 1291 3383 mit
1352 3318 1464 3383 der
1522 3318 1800 3385 Stimme
1814 3368 1831 3398 ,
1897 3321 2039 3387 hier
2084 3320 2287 3385 durch
2329 3317 3041 3405 Aneinanderschlagen

654 3445 781 3492 von
850 3424 1110 3491 Steinen
1191 3424 1301 3489 das
1375 3424 1646 3490 Zeichen
1708 3426 1854 3507 (den
1919 3426 2112 3507 Takt)
2181 3446 2263 3491 zu
2319 3424 2840 3512 gleichzeitigem
2907 3424 3040 3491 und

653 3531 1225 3618 gleichmassigom
1294 3530 1633 3597 Einsetzen
1702 3532 1814 3597 der
1877 3531 2098 3597 Buder
2165 3530 2438 3616 gaben.’'
2523 3530 2666 3595 Non
2739 3550 3040 3615 assequor

652 3637 771 3702 hoc
850 3635 1195 3701 artificium
1214 3684 1229 3714 ,
1314 3655 1466 3703 nam
1543 3638 1963 3705 Athenienses
2039 3659 2165 3703 non
2237 3640 2453 3701 minus
2519 3635 2816 3721 lapidum
2885 3634 3035 3701 illas

652 3740 1009 3807 collisiones
1094 3741 1461 3807 exaudituri
1544 3750 1728 3809 erant
1805 3764 2003 3829 quam
2079 3745 2290 3827 ipsam
2361 3741 2706 3807 hortatoris
2745 3760 2998 3806 ,vocem
3014 3788 3032 3817 ‚

653 3858 848 3931 quam
907 3852 1232 3931 praeterea
1293 3847 1637 3932 tranquillo
1698 3851 1864 3915 mari
1925 3850 2332 3915 summittere
2392 3845 2576 3912 facile
2625 3852 2781 3911 erat.
2851 3846 3034 3911 Idem

650 3952 1171 4017 Breitenbachius
1216 3952 1370 4037 quid
1416 3955 1503 4017 sit
1548 3956 1665 4025 τὰς
1707 3955 1924 4026 κώπας
1971 3952 2280 4033 παράγειν
2323 3954 2421 4017 ita
2464 3952 2757 4035 expedit:
2834 3950 3036 4028 „Man

648 4056 801 4122 liess
860 4055 1031 4121 wohl
1091 4056 1192 4122 die
1252 4056 1758 4125 Ruderschaufel
1813 4060 1994 4123 nicht
2055 4058 2182 4123 tief
2229 4056 2578 4141 eingreifen
2641 4056 2772 4121 und
2818 4056 3036 4121 ffihrte

648 4164 743 4227 sie
788 4161 1143 4248 gleichsam
1182 4183 1305 4226 nur
1342 4183 1423 4227 an
1460 4162 1573 4226 der
1610 4163 1980 4229 Oberfliiche
2018 4163 2125 4227 des
2164 4161 2448 4226 Wassers
2485 4160 2666 4229 hin.'’
2711 4160 3034 4246 Equidem

648 4270 983 4351 sponsione
1026 4269 1237 4331 ausim
1280 4272 1521 4333 certare
1565 4288 1924 4353 numquam
1969 4266 2530 4332 Breitenbachium
2571 4266 2809 4331 vidisse
2846 4272 2926 4331 ut
2965 4269 3034 4331 in

645 4371 821 4436 lento
879 4370 1207 4437 luctentur
1266 4392 1585 4437 marmore
1646 4375 1897 4447 tonsae;
1962 4375 2132 4435 certe
2177 4380 2537 4454 numquam
2581 4370 2860 4435 attendit
2903 4372 3034 4435 ani·

646 4496 853 4542 mum.
923 4472 1297 4541 Plurimum
1355 4478 1621 4541 interest
1680 4480 1904 4541 utrum
1964 4476 2031 4537 in
2093 4477 2323 4558 stagno
2365 4492 2626 4541 remum
2669 4479 2904 4543 tractes
2949 4496 3028 4541 an
