3351 5463
683 344 770 410 42
1671 361 2061 412 neamus.

679 527 806 594 Sed
865 529 945 594 cf.
1009 527 1202 613 Soph.
1265 526 1363 592 Ε1.
1418 526 1546 592 118
1611 527 1799 602 μούνη
1863 527 1991 606 γὰρ
2052 524 2289 626 ἄγειν
2340 527 2537 594 οὐκέτι
2588 535 2754 594 σωκῶ
2794 529 2807 616 Ι
2848 527 3054 606 λύπης

683 634 1030 713 ἀντίρροπον
1077 630 1274 715 ἄχθος
1321 633 1538 718 ibique
1586 634 1987 718 interprete&

770 845 925 913 Gho.
976 844 1104 913 517
1166 847 1250 910 τὰ
1314 845 1471 926 δῶρα
1500 882 1584 894 --
1612 844 1935 924 ἁμαρτίας
1982 851 2057 910 ut
2102 848 2400 930 spurium
2447 845 2829 914 damnabam
2872 848 2947 917 Ε.
2972 849 3051 914 A.

678 975 740 1038 p.
798 950 946 1018 147.

767 1146 922 1214 Gho.
976 1145 1127 1213 570.
1179 1146 1574 1214 Coniecturis
1621 1135 1833 1212 allatis
1880 1169 1917 1212 a
1961 1146 2301 1234 Blaydesio
2348 1149 2493 1214 addi
2541 1155 2787 1234 potest:

1132 1251 1461 1331 Αἴγισθος,
1511 1250 1711 1333 ὥσπερ
1757 1249 1930 1318 οἶδά
1979 1253 2067 1331 γ’,
2120 1255 2197 1317 ἐν
2242 1253 2518 1330 δόμοις
2565 1256 2791 1332 παρών.

679 1357 1026 1446 Vulgatam
1075 1361 1455 1444 scripturam
1504 1359 1743 1423 frustra
1786 1361 2247 1444 interpretatur
2290 1358 2637 1424 Wecklein.

772 1568 930 1636 Gho.
980 1568 1106 1635 581
1173 1576 1471 1645 γλῶσσαν
1505 1568 1813 1662 ιεῦφιιμον
1878 1570 2173 1648 Φέρειν.
2240 1569 2515 1656 Blaydee
2574 1571 2735 1650 ,‚Qu.
2784 1571 3057 1650 φορεῒν”.

681 1674 786 1740 Sic
833 1676 1282 1762 corrigendum
1332 1696 1499 1752 esse,
1549 1697 1672 1739 non
1723 1675 1870 1751 Φύει
1923 1697 2072 1740 cum
2120 1675 2475 1741 Wellauero
2514 1678 2724 1756 (Φύσει
2765 1675 2859 1740 Μ.
2885 1696 3056 1740 man.

684 1785 843 1858 ant.)
881 1780 1174 1865 pluribus
1222 1780 1653 1846 demonstravi
1701 1780 1776 1846 Ε.
1804 1781 1881 1845 Α.
1930 1803 1993 1867 p.
2049 1780 2178 1846 148
2202 1802 2297 1866 eq.

773 1995 928 2064 Cho.
979 1997 1109 2063 593
1171 1999 1461 2078 Φρόνημα
1523 1999 1615 2069 τίς
1666 1998 1862 2076 λέγοι.
1913 1998 2187 2086 Blaydes
2232 2020 2294 2084 p.
2346 1997 2477 2078 253
2526 1997 2790 2080 Φρόνημ’
2840 1997 2918 2064 ἄν
2964 2023 3061 2072 τις

686 2101 857 2180 λέγοι
909 2109 1130 2169 contra
1173 2110 1492 2181 metrum,
1540 2103 1773 2170 melius
1817 2103 1992 2170 idem
2038 2125 2101 2189 p.
2151 2102 2281 2168 335
2328 2103 2617 2186 φρόνημα
2664 2105 2760 2177 τίς
2808 2103 3058 2187 φράσει.

685 2207 826 2293 Ego
891 2207 965 2271 Ε.
996 2210 1071 2272 Α.
1137 2233 1199 2295 p.
1253 2207 1381 2272 149
1443 2209 1646 2287 φρόνιν
1712 2233 1808 2279 τις
1869 2208 1944 2273 ἂν
1994 2209 2187 2284 λέγοι.
2239 2208 2579 2274 Blomfield
2626 2211 2913 2288 Φρόνημα
2962 2210 3060 2281 τίς

685 2312 834 2388 azy
859 2337 925 2393 n,
996 2315 1163 2398 quod
1223 2335 1447 2380 vereor
1505 2335 1584 2378 ne
1648 2313 1967 2379 soloecum
2030 2317 2148 2392 sit,
2213 2335 2361 2380 cum
2425 2317 2494 2378 in
2558 2318 2751 2381 tertia
2796 2335 3062 2400 persona

688 2414 915 2482 Graeci
959 2419 1089 2485 fere
1136 2420 1495 2484 abstineant.
1542 2440 1579 2485 a
1624 2421 2032 2485 coniunctivo
2081 2420 2520 2485 deliberativo.

779 2636 935 2704 Cho.
987 2636 1118 2702 642
1170 2636 1290 2702 διαὶ
1347 2637 1568 2709 Δίκας.
1617 2638 1701 2701 τὸ
1750 2640 1851 2714 μὴ
1902 2637 2132 2716 θέμις
2178 2638 2335 2717 γὰρ
2384 2639 2462 2702 οὔ

1158 2742 1284 2819 λὰξ
1334 2743 1500 2809 πέδοι
1551 2746 1936 2822 πατούμενον

1157 2848 1226 2911 τὸ
1276 2852 1401 2912 πᾶν
1451 2849 1597 2920 Διὸς
1975 2929 1985 2941 .

1156 2953 1357 3029 σέβας
1407 2953 1857 3030 παρεκβάντας
1904 2955 1985 3018 οὔ
2033 2956 2455 3029 θεμιστῶς.

685 3057 1014 3125 Wecklein
1077 3080 1152 3122 ex
1198 3059 1496 3123 Ahreneii
1541 3061 1902 3124 coniectura
1950 3057 2125 3123 dedit
2173 3056 2295 3123 διαὶ
2348 3060 2586 3135 Δίκας,
2635 3060 2702 3123 τὸ
2751 3060 2839 3136 μὴ
2888 3058 3059 3136 θέμις

680 3181 740 3228 λ.
810 3190 876 3229 π.
942 3164 1339 3239 πατουμένας
1409 3165 1559 3242 κτὲ.,
1626 3164 1735 3230 sed
1797 3186 1991 3249 supra
2034 3186 2229 3249 quam
2276 3165 2402 3229 dici
2450 3169 2660 3250 potest
2704 3168 2919 3233 ieiuna
2966 3171 3063 3230 est

676 3274 914 3337 inserta
961 3272 1320 3337 observatio
1365 3269 1435 3334 τὸ
1475 3272 1564 3346 μὴ
1614 3271 1779 3347 θέμις
1804 3319 1819 3348 ,
1868 3273 2240 3356 praesertim
2279 3276 2581 3355 sequente
2622 3272 2685 3335 οὐ
2725 3273 3058 3349 θεμιστῶς,

682 3380 788 3443 cui
833 3380 1045 3443 nescio
1092 3398 1168 3442 an
1219 3378 1440 3443 debeat
1481 3380 1818 3462 originem.
1869 3376 2137 3442 Subesse
2176 3377 2433 3442 videtur
2472 3376 2659 3441 Dices
2697 3378 3025 3462 epitheton
3044 3425 3059 3455 ,

686 3483 869 3548 velut
917 3482 1038 3547 διαὶ
1093 3484 1289 3552 Δίκας
1340 3487 1942 3560 μεγασθενοῦς,
1986 3484 1997 3565 Ι
2038 3498 2097 3547 λ.
2148 3506 2215 3547 π.
2258 3481 2678 3558 πατουμένας.
2729 3480 2825 3548 Of.
2869 3502 3061 3566 supra

687 3588 840 3654 269.
889 3588 1081 3652 Eum.
1134 3588 1240 3653 61.
1289 3587 1462 3673 Sept.
1514 3587 1620 3654 70.
1671 3584 1824 3654 977.
1875 3586 2028 3653 989.

770 3800 927 3869 Oho.
979 3799 1110 3867 670
1158 3801 1431 3888 Blaydes
1480 3807 1725 3879 »κακῶν
1773 3804 1822 3865 θ’
1869 3799 2137 3876 εἱμάτων
2163 3801 2324 3865 coni.
2352 3799 2612 3865 HerW.''
2655 3800 2793 3866 Imo
2818 3805 3054 3865 καινῶν.

680 3907 995 3986 „Versum
1034 3912 1248 3973 tamen
1285 3908 1731 3993 interpolatori
1755 3907 2047 3972 tribuit’'.
2099 3905 2355 3971 Scilicet
2378 3909 2448 3971 in
2473 3927 2662 3972 versu
2686 3927 3055 3993 praegresso

677 4015 1006 4078 servabam
1056 4014 1288 4078 codicis
1335 4017 1717 4099 scripturam
1767 4014 2115 4092 θελκτήρια.
2166 4012 2499 4097 Hodieque
2546 4014 2640 4076 ita
2684 4011 2918 4078 iudico,

769 4222 924 4291 Gho.
979 4222 1108 4289 695
1183 4220 1294 4301 „2311
1364 4225 1488 4306 γὰρ
1558 4224 1830 4301 εὐβόλως
1905 4222 2093 4306 ἔχων]
2158 4221 2572 4307 suspectum'’
2640 4221 2739 4287 Bl.
2788 4245 2850 4308 p.
2902 4220 3053 4289 257.

680 4330 953 4395 Omnino
1013 4336 1230 4395 tamen
1291 4330 1370 4397 cf.
1436 4351 1596 4416 quae
1658 4352 1863 4416 nuper
1909 4332 2162 4415 scripsit
2208 4327 2522 4393 Headlam
2569 4330 2637 4391 in
2680 4327 2948 4393 Journal
2995 4327 3067 4393 of

680 4438 1035 4525 Philology
1079 4458 1227 4524 pag.
1279 4436 1430 4516 302,
1483 4440 1595 4523 qui
1642 4438 1723 4503 cf.
1772 4435 1982 4503 Schol.
2031 4435 2217 4501 Pind.
2266 4432 2363 4500 01.
2412 4433 2551 4512 VII,
2603 4432 2687 4499 33
2735 4433 2896 4515 (19).
