3351 5463
1043 341 1441 427 monumen
1486 368 1923 460 r1s1s‘r12mm5
2543 347 2675 424 409

299 537 443 606 data
459 588 476 619 ,
531 577 617 590 —-
664 562 813 607 nam
866 544 1037 608 viros
1083 544 1365 610 eruditos
1412 550 1477 610 et
1521 543 1765 609 nobiles
1813 547 1925 629 qui
1973 564 2047 609 ea
2094 542 2456 629 pangebant
2518 540 2682 605 illud

296 649 644 714 memoriae
691 647 1159 715 adminiculum
1206 648 1562 736 neglexisse
1605 672 1796 716 nemo
1842 650 2209 728 contendet,
2264 687 2348 700 -·
2398 649 2509 715 sed
2548 671 2684 735 per-

294 753 589 819 tinaciter
648 757 1038 820 recusavisse
1102 775 1319 822 omnes
1366 758 1478 840 qui
1523 758 1806 821 carmina·
1853 758 2116 841 antiqua
2159 758 2470 820 memoria
2515 761 2684 820 tene-

296 857 449 922 bant
534 879 659 944 quo
744 863 962 924 minus
1046 863 1282 946 scripta
1348 860 1462 925 illa
1528 859 2016 928 conservarent?
2084 861 2343 928 Scilicet
2410 860 2682 928 Thebais

296 969 359 1028 et
421 961 665 1050 Cypria
722 967 1007 1030 carmina
1068 969 1303 1052 scripta
1348 969 1682 1031 extiterint
1727 973 1874 1034 ante
1923 967 2315 1052 quam211ias
2365 972 2430 1033 et
2479 966 2680 1053 Odys-

296 1066 442 1133 sea?
507 1068 631 1146 At,
694 1072 999 1155 inquiunt
1056 1071 1337 1136 Erhardt
1400 1076 1465 1137 et
1526 1070 1752 1151 Gener,
1816 1073 2181 1160 negandum
2240 1093 2366 1138 non
2425 1073 2684 1138 videtur

295 1173 583 1270 singulas
644 1177 777 1240 iam
838 1175 1083 1260 aliquas
1144 1182 1361 1261 partes·
1400 1177 1633 1242 horum
1680 1183 2052 1262 poematum
2096 1176 2497 1262 aliquamdiu
2541 1198 2685 1242 con·
2815 1257 2828 1268 ·

294 1281 561 1364 scriptas
638 1280 831 1344 fuisse
849 1328 866 1358 ,
945 1301 1095 1346 cum
1171 1281 1334 1346 aliae
1401 1283 1521 1347 hoc
1581 1282 1880 1356 beneficio
1943 1282 2232 1347 nondum
2300 1283 2684 1347 haberentur

294 1385 547 1472 dig-nae.
594 1384 683 1451 At
720 1387 814 1451 ita
852 1388 908 1450 si
946 1407 1045 1452 res
1085 1408 1151 1452 se
1188 1387 1548 1466 habuisset,
1597 1387 1739 1452 fieri
1782 1389 1895 1452 vix
1942 1390 2259 1472 potuisset
2305 1387 2489 1452 credo
2528 1390 2683 1472 quin

291 1491 411 1556 hae
470 1493 541 1554 in
604 1477 1013 1557 oblivionem
1059 1494 1383 1558 abiissent.
1455 1494 1794 1559 Praeterea
1812 1541 1827 1572 ‚
1886 1492 2054 1578 quod
2110 1493 2376 1558 fortasse
2421 1495 2684 1558 maioris

292 1597 491 1660 etiam
555 1599 871 1662 momenti
932 1603 1028 1662 est
1045 1645 1062 1676 ,
1124 1619 1350 1684 rog-are
1413 1597 1563 1664 licet
1624 1601 1790 1664 sitne
1852 1597 2150 1664 credibile
2214 1598 2481 1664 Iliadem
2548 1601 2683 1662 sine

292 1704 644 1787 scripturae
691 1722 809 1787 ope
854 1704 925 1766 in
971 1704 1133 1769 hanc
1178 1705 1453 1769 formam
1498 1703 1821 1770 redactam
1861 1725 1995 1769 esse
2035 1725 2229 1790 quam
2267 1726 2435 1769 nunc
2470 1703 2684 1781 habet,

291 1808 358 1870 id
440 1806 610 1892 quod
677 1809 792 1873 vix
872 1807 1173 1874 credibile
1242 1809 1517 1887 videtur,
1608 1811 1663 1872 si
1728 1815 2022 1874 tenemus
2091 1809 2374 1875 diversas
2446 1810 2687 1874 formae

293 1913 545 1997 antiqui
613 1933 776 2000 quae
836 1914 1127 1998 deinceps
1189 1916 1503 1998 poematis
1566 1917 1924 1980 extiterunt
1980 1914 2322 2000 paullatim
2384 1916 2690 1980 contami-

292 2024 475 2084 natas
522 2039 675 2084 esse.
726 2019 1079 2104 Odysseam
1125 2025 1344 2084 autem
1361 2067 1378 2097 ,
1427 2040 1578 2085 cum
1622 2023 1694 2085 in
1739 2022 1858 2086 hac
1901 2019 2088 2106 plura
2134 2041 2294 2105 quae
2340 2021 2686 2105 separatim

292 2129 441 2188 nata
504 2129 713 2189 essent
759 2126 1186 2188 contaminata
1232 2113 1362 2188 sint
1408 2127 1693 2190 carmina
1709 2174 1726 2204 ,
1784 2128 1919 2191 sine
1967 2108 2110 2190 stili
2151 2131 2216 2190 et
2262 2127 2515 2190 chartae
2561 2144 2688 2189 usu

294 2250 422 2294 non
482 2230 763 2313 potuisse
808 2227 1057 2295 absolvi
1102 2231 1298 2295 etiam
1345 2226 1555 2296 Cauer
1600 2231 1906 2296 concedit.
1977 2230 2075 2295 Ita
2120 2251 2271 2296 vero
2316 2231 2419 2296 vir
2465 2230 2688 2295 doctus

296 2353 550 2398 sumere
611 2336 867 2420 cog-itur
928 2355 1085 2401 aevo
1150 2336 1414 2401 demum
1473 2336 1852 2402 Pisistrateo
1909 2336 2262 2422 Odysseam
2305 2334 2502 2401 talem
2552 2355 2684 2399 esse

295 2441 717 2505 constitutam
777 2439 1034 2524 qualem
1098 2461 1240 2506 eam
1298 2462 1465 2506 nunc
1535 2440 1852 2527 legimus;
1900 2442 2093 2526 idque
2111 2490 2128 2519 ,
2178 2447 2256 2507 ut
2299 2441 2467 2506 nihil
2512 2440 2690 2507 aliud

296 2543 559 2610 afferam
578 2593 595 2622 ‚
664 2551 999 2631 propterea
1061 2548 1279 2612 minus
1341 2551 1439 2612 est
1490 2545 1844 2614 verisimile
1892 2547 2062 2631 quod
2107 2567 2262 2612 aevo
2310 2546 2685 2613 Pisistrateo

298 2649 609 2714 debentur
677 2650 849 2715 haud
917 2650 1109 2719 dubie
1170 2656 1235 2716 et
1297 2651 1458 2716 aliae
1518 2650 2044 2737 interpolationes
2107 2656 2172 2715 et
2229 2650 2408 2715 locus
2472 2665 2512 2714 λ
2557 2649 2688 2714 566

299 2752 523 2820 -631
565 2752 638 2836 ¹).
721 2757 809 2820 At
876 2755 997 2822 hae
1061 2756 1581 2842 interpolationes
1626 2757 1985 2823 inculcatae
2032 2762 2185 2823 sunt
2229 2759 2512 2843 poemati
2557 2759 2690 2821 iam

293 2862 365 2924 in
432 2859 617 2925 illam
685 2862 963 2927 formam
1024 2862 1227 2929 efficto
1291 2884 1484 2948 quam
1545 2886 1716 2929 nunc
1775 2866 2093 2930 novimus.
2157 2861 2340 2928 Unde
2405 2864 2695 2949 sequitur

295 2972 375 3031 ut
457 2966 612 3032 haec
696 2966 1022 3052 aliquanto
1114 2970 1437 3054 antiquior
1506 2972 1611 3035 sit.
1697 2970 1894 3035 Porro
1964 2969 2548 3035 Alexandrinorum
2619 2967 2695 3032 de

299 3074 664 3138 recensione
740 3072 1117 3139 Pisistratea
1195 3074 1531 3141 silentium
1606 3097 1735 3140 non
1808 3077 1903 3141 ita
1978 3075 2256 3161 explicat
2342 3072 2549 3140 Gauer
2619 3076 2698 3136 ut

304 3176 551 3243 nullius
570 3170 581 3178 ’
597 3182 913 3244 momenti
976 3200 1111 3244 esse
1179 3182 1445 3245 evincat.
1510 3180 1738 3246 Fidem
1797 3178 1903 3244 illi
1963 3180 2260 3244 habuisse
2324 3176 2698 3242 Alexandri-

306 3304 425 3349 nos
480 3282 952 3351 vWilamowitz
1013 3286 1171 3351 satis
1229 3285 1589 3351 inconsulte
1643 3286 1790 3351 inde
1845 3284 2016 3369 quod
2065 3282 2424 3350 Zenodotus
2477 3285 2698 3361 reiecit

304 3409 438 3456 ves.-
480 3400 525 3451 B
553 3386 931 3468 553-555,
972 3390 1382 3457 Aristarchus
1418 3395 1638 3457 autem
1678 3412 1774 3457 vs.
1801 3402 1846 3453 B
1874 3388 2006 3454 558
2030 3410 2109 3455 ne
2135 3391 2389 3474 scripsit
2413 3389 2694 3473 quidem,

306 3495 578 3581 probare
641 3500 905 3561 conatus
964 3501 1063 3561 est
1089 3495 1161 3578 ²).
1233 3496 1438 3576 Quem
1499 3500 1593 3566 ita
1652 3497 2120 3582 redarguerunt
2179 3493 2376 3560 Flach
2441 3516 2508 3560 v.
2535 3494 2594 3559 d.
2626 3493 2696 3575 ³),

308 3599 624 3666 Ludwich
649 3599 723 3681 4),
772 3602 908 3687 ipse
950 3600 1155 3668 Gauer
1182 3601 1233 3682 ⁵)
1271 3606 1347 3667 ut
1387 3602 1553 3667 nihil
1591 3605 1724 3668 iam
1770 3601 1939 3687 quod
1985 3600 2126 3667 addi
2177 3602 2379 3686 possit
2425 3602 2511 3665 sit
2557 3597 2700 3663 reli-

312 3727 523 3801 quum
546 3706 621 3787 ⁰).
665 3706 889 3792 Neque
927 3713 1143 3775 tamen
1184 3729 1347 3795 opus
1382 3713 1513 3787 est,
1554 3710 1769 3795 inquit
1813 3706 2040 3786 Oauer,
2081 3713 2159 3772 ut
2203 3712 2318 3773 aut
2363 3724 2697 3771 sumamus

385 3997 443 4064 1)
478 3996 555 4047 Οἱ.
589 3995 893 4047 vWilamow.
928 3995 1076 4047 Hom.
1112 3992 1311 4047 Unters.
1345 4010 1393 4062 Ρ.
1430 3997 1526 4047 199
1544 4012 1646 4062 sqq.

382 4080 435 4140 2)
470 4078 541 4129 1.1.
574 4096 622 4143 Ρ.
657 4076 757 4128 242
774 4094 879 4143 sqq.

382 4163 438 4219 8)
470 4160 725 4210 Peisistrat
758 4177 805 4210 u.
843 4160 971 4209 scine
1003 4160 1101 4210 litt.
1136 4160 1360 4225 Thatigk.
1399 4161 1527 4210 1885
1563 4176 1615 4225 Ρ.
1649 4161 1714 4209 41
1749 4158 1803 4210 in
1835 4174 1951 4210 ann.
1984 4160 2096 4209 143.

380 4244 438 4305 4)
472 4242 542 4292 1.1.
581 4243 632 4291 11
666 4259 714 4307 p.
752 4244 849 4291 393
870 4258 971 4306 sqq.

385 4327 433 4386 5)
465 4324 538 4375 1.1.
572 4342 621 4389 p.
656 4324 720 4373 83
738 4340 839 4388 sqq.

380 4407 435 4472 6)
468 4406 682 4456 Ethai-dt
709 4408 851 4471 putat
877 4404 948 4454 l.l.
979 4421 1028 4472 p.
1058 4418 1153 4455 exu
1180 4406 1287 4455 fieri
1316 4422 1410 4455 non
1447 4405 1658 4471 potuisse
1693 4408 1748 4455 ut
1783 4404 2090 4454 Aristarchus
2126 4402 2217 4453 sibi
2252 4401 2498 4454 videretur
2533 4406 2700 4469 poetae

311 4502 509 4539 manum
555 4488 809 4539 restituere
853 4502 962 4537 cum
1006 4502 1197 4537 versum
1240 4494 1275 4535 Β
1300 4489 1395 4538 558
1442 4487 1671 4547 reieci-et,
1707 4488 1788 4536 sed
1824 4502 2010 4537 necesse
2043 4502 2142 4536 esse
2178 4488 2234 4536 ut
2267 4484 2563 4536 intellexerit
2596 4485 2700 4534 Ho-

2334 4581 2398 4637 27
