<?xml version="1.0" encoding="UTF-8"?>
<!DOCTYPE html PUBLIC "-//W3C//DTD XHTML 1.0 Transitional//EN"
    "http://www.w3.org/TR/xhtml1/DTD/xhtml1-transitional.dtd">
<html xmlns="http://www.w3.org/1999/xhtml" xml:lang="en" lang="en">
 <head>
  <title>
</title>
<meta http-equiv="Content-Type" content="text/html;charset=utf-8" />
  <meta name='ocr-system' content='tesseract 3.04.00' />
  <meta name='ocr-capabilities' content='ocr_page ocr_carea ocr_par ocr_line ocrx_word'/>
</head>
<body>
  <div class='ocr_page' id='page_1' title='image "./mnemosynevolume04verdgoog_0131.png"; bbox 0 0 3351 5463; ppageno 0'>
   <div class='ocr_carea' id='block_1_1' title="bbox 1145 397 2682 464">
    <p class='ocr_par' dir='ltr' id='par_1_1' title="bbox 1145 397 2682 464">
     <span class='ocr_line' id='line_1_1' title="bbox 1145 397 2682 464; baseline 0.005 -8"><span class='ocrx_word' id='word_1_1' title='bbox 1145 410 1231 457; x_wconf 79' lang='lat' dir='ltr'>nn</span> <span class='ocrx_word' id='word_1_2' title='bbox 1277 409 1437 458; x_wconf 74' lang='lat' dir='ltr'>noco</span> <span class='ocrx_word' id='word_1_3' title='bbox 1487 410 1833 461; x_wconf 74' lang='lat' dir='ltr'>monnoms.</span> <span class='ocrx_word' id='word_1_4' title='bbox 2553 397 2682 464; x_wconf 82' lang='lat'>121</span> 
     </span>
    </p>
   </div>
   <div class='ocr_carea' id='block_1_2' title="bbox 300 567 2746 3180">
    <p class='ocr_par' dir='ltr' id='par_1_2' title="bbox 303 567 2690 1499">
     <span class='ocr_line' id='line_1_2' title="bbox 312 567 2685 663; baseline 0.004 -26"><span class='ocrx_word' id='word_1_5' title='bbox 312 572 541 637; x_wconf 81' lang='lat' dir='ltr'>Sensus</span> <span class='ocrx_word' id='word_1_6' title='bbox 603 570 841 657; x_wconf 86' lang='lat' dir='ltr'>aliquis</span> <span class='ocrx_word' id='word_1_7' title='bbox 902 572 1243 657; x_wconf 86' lang='lat' dir='ltr'>peculiaris</span> <span class='ocrx_word' id='word_1_8' title='bbox 1261 622 1276 650; x_wconf 96' lang='lat'>,</span> <span class='ocrx_word' id='word_1_9' title='bbox 1342 567 1631 640; x_wconf 85' lang='lat' dir='ltr'>diversus</span> <span class='ocrx_word' id='word_1_10' title='bbox 1679 578 1755 641; x_wconf 87' lang='lat' dir='ltr'>ab</span> <span class='ocrx_word' id='word_1_11' title='bbox 1803 598 1876 641; x_wconf 91' lang='lat' dir='ltr'>eo</span> <span class='ocrx_word' id='word_1_12' title='bbox 1926 580 2038 663; x_wconf 90' lang='lat' dir='ltr'>qui</span> <span class='ocrx_word' id='word_1_13' title='bbox 2084 582 2294 663; x_wconf 90' lang='lat' dir='ltr'>primo</span> <span class='ocrx_word' id='word_1_14' title='bbox 2343 582 2572 645; x_wconf 76' lang='lat' dir='ltr'>obtutu</span> <span class='ocrx_word' id='word_1_15' title='bbox 2620 603 2685 647; x_wconf 90' lang='grc'>66</span> 
     </span>
     <span class='ocr_line' id='line_1_3' title="bbox 310 676 2690 764; baseline 0.003 -21"><span class='ocrx_word' id='word_1_16' title='bbox 310 677 519 743; x_wconf 86' lang='lat' dir='ltr'>offerre</span> <span class='ocrx_word' id='word_1_17' title='bbox 582 677 881 742; x_wconf 85' lang='lat' dir='ltr'>videatur</span> <span class='ocrx_word' id='word_1_18' title='bbox 927 676 1184 755; x_wconf 90' lang='lat' dir='ltr'>lectori,</span> <span class='ocrx_word' id='word_1_19' title='bbox 1235 681 1394 743; x_wconf 89' lang='lat' dir='ltr'>insit</span> <span class='ocrx_word' id='word_1_20' title='bbox 1437 683 1505 744; x_wconf 91' lang='lat' dir='ltr'>in</span> <span class='ocrx_word' id='word_1_21' title='bbox 1549 682 1651 745; x_wconf 89' lang='lat' dir='ltr'>his</span> <span class='ocrx_word' id='word_1_22' title='bbox 1698 683 1912 748; x_wconf 85' lang='lat' dir='ltr'>verbis</span> <span class='ocrx_word' id='word_1_23' title='bbox 1957 704 2208 749; x_wconf 86' lang='lat' dir='ltr'>necesse</span> <span class='ocrx_word' id='word_1_24' title='bbox 2254 691 2351 749; x_wconf 88' lang='lat' dir='ltr'>est</span> <span class='ocrx_word' id='word_1_25' title='bbox 2366 706 2383 764; x_wconf 87' lang='lat'>;</span> <span class='ocrx_word' id='word_1_26' title='bbox 2435 686 2690 751; x_wconf 91' lang='lat' dir='ltr'>demon-</span> 
     </span>
     <span class='ocr_line' id='line_1_4' title="bbox 308 784 2685 865; baseline 0.005 -20"><span class='ocrx_word' id='word_1_27' title='bbox 308 787 582 846; x_wconf 85' lang='lat' dir='ltr'>stratum</span> <span class='ocrx_word' id='word_1_28' title='bbox 628 784 802 846; x_wconf 91' lang='lat' dir='ltr'>enim</span> <span class='ocrx_word' id='word_1_29' title='bbox 851 787 949 847; x_wconf 87' lang='lat' dir='ltr'>est</span> <span class='ocrx_word' id='word_1_30' title='bbox 993 785 1125 847; x_wconf 87' lang='lat' dir='ltr'>iam</span> <span class='ocrx_word' id='word_1_31' title='bbox 1174 790 1318 847; x_wconf 87' lang='lat' dir='ltr'>ante</span> <span class='ocrx_word' id='word_1_32' title='bbox 1361 805 1415 848; x_wconf 89' lang='lat' dir='ltr'>a.</span> <span class='ocrx_word' id='word_1_33' title='bbox 1463 784 1547 849; x_wconf 85' lang='lat'>63</span> <span class='ocrx_word' id='word_1_34' title='bbox 1587 807 1712 850; x_wconf 90' lang='lat' dir='ltr'>non</span> <span class='ocrx_word' id='word_1_35' title='bbox 1750 785 2005 852; x_wconf 80' lang='lat' dir='ltr'>licuisse</span> <span class='ocrx_word' id='word_1_36' title='bbox 2047 789 2423 865; x_wconf 74' lang='lat' dir='ltr'><strong>„absentes”</strong></span> <span class='ocrx_word' id='word_1_37' title='bbox 2466 793 2685 856; x_wconf 85' lang='lat' dir='ltr'>creari.</span> 
     </span>
     <span class='ocr_line' id='line_1_5' title="bbox 307 886 2684 976; baseline 0.003 -26"><span class='ocrx_word' id='word_1_38' title='bbox 307 886 426 951; x_wconf 84' lang='lat' dir='ltr'>Sed</span> <span class='ocrx_word' id='word_1_39' title='bbox 472 886 551 950; x_wconf 90' lang='lat' dir='ltr'>ad</span> <span class='ocrx_word' id='word_1_40' title='bbox 601 887 1061 972; x_wconf 85' lang='lat' dir='ltr'>assequendum</span> <span class='ocrx_word' id='word_1_41' title='bbox 1108 908 1259 952; x_wconf 90' lang='lat' dir='ltr'>eum</span> <span class='ocrx_word' id='word_1_42' title='bbox 1306 910 1565 955; x_wconf 83' lang='lat' dir='ltr'>sensum</span> <span class='ocrx_word' id='word_1_43' title='bbox 1604 894 1716 976; x_wconf 90' lang='lat' dir='ltr'>qui</span> <span class='ocrx_word' id='word_1_44' title='bbox 1758 893 1925 957; x_wconf 89' lang='lat' dir='ltr'>mihi</span> <span class='ocrx_word' id='word_1_45' title='bbox 1966 914 2156 959; x_wconf 85' lang='lat' dir='ltr'>verus</span> <span class='ocrx_word' id='word_1_46' title='bbox 2193 915 2326 959; x_wconf 87' lang='lat' dir='ltr'>esse</span> <span class='ocrx_word' id='word_1_47' title='bbox 2366 895 2684 975; x_wconf 84' lang='lat' dir='ltr'>videatur,</span> 
     </span>
     <span class='ocr_line' id='line_1_6' title="bbox 306 992 2688 1085; baseline 0.004 -28"><span class='ocrx_word' id='word_1_48' title='bbox 306 994 402 1057; x_wconf 89' lang='lat' dir='ltr'>his</span> <span class='ocrx_word' id='word_1_49' title='bbox 463 992 712 1057; x_wconf 88' lang='lat' dir='ltr'>duobus</span> <span class='ocrx_word' id='word_1_50' title='bbox 776 1014 936 1078; x_wconf 81' lang='lat' dir='ltr'>opus</span> <span class='ocrx_word' id='word_1_51' title='bbox 984 1001 1115 1071; x_wconf 90' lang='lat' dir='ltr'>est,</span> <span class='ocrx_word' id='word_1_52' title='bbox 1167 996 1455 1079; x_wconf 91' lang='lat' dir='ltr'>primum</span> <span class='ocrx_word' id='word_1_53' title='bbox 1498 1002 1577 1062; x_wconf 90' lang='lat' dir='ltr'>ut</span> <span class='ocrx_word' id='word_1_54' title='bbox 1622 1000 1974 1063; x_wconf 89' lang='lat' dir='ltr'>rectissime</span> <span class='ocrx_word' id='word_1_55' title='bbox 2020 1002 2480 1084; x_wconf 80' lang='lat' dir='ltr'>perspiciamus</span> <span class='ocrx_word' id='word_1_56' title='bbox 2527 1022 2688 1085; x_wconf 85' lang='lat' dir='ltr'>quae</span> 
     </span>
     <span class='ocr_line' id='line_1_7' title="bbox 308 1098 2686 1190; baseline 0.004 -29"><span class='ocrx_word' id='word_1_57' title='bbox 308 1098 497 1161; x_wconf 88' lang='lat' dir='ltr'>fuerit</span> <span class='ocrx_word' id='word_1_58' title='bbox 542 1098 931 1183; x_wconf 88' lang='lat' dir='ltr'>significatio</span> <span class='ocrx_word' id='word_1_59' title='bbox 976 1099 1271 1164; x_wconf 85' lang='lat' dir='ltr'>vocabuli</span> <span class='ocrx_word' id='word_1_60' title='bbox 1319 1102 1686 1186; x_wconf 88' lang='lat' dir='ltr'>„profiteri”</span> <span class='ocrx_word' id='word_1_61' title='bbox 1725 1106 1796 1166; x_wconf 93' lang='lat' dir='ltr'>in</span> <span class='ocrx_word' id='word_1_62' title='bbox 1834 1103 2088 1189; x_wconf 88' lang='lat' dir='ltr'>legibus</span> <span class='ocrx_word' id='word_1_63' title='bbox 2127 1110 2270 1168; x_wconf 90' lang='lat' dir='ltr'>tum</span> <span class='ocrx_word' id='word_1_64' title='bbox 2297 1107 2686 1190; x_wconf 71' lang='lat' dir='ltr'>vigentibuS,</span> 
     </span>
     <span class='ocr_line' id='line_1_8' title="bbox 306 1203 2680 1290; baseline 0.003 -23"><span class='ocrx_word' id='word_1_65' title='bbox 306 1203 523 1267; x_wconf 88' lang='lat' dir='ltr'>deinde</span> <span class='ocrx_word' id='word_1_66' title='bbox 572 1210 651 1267; x_wconf 88' lang='lat' dir='ltr'>ut</span> <span class='ocrx_word' id='word_1_67' title='bbox 694 1203 1101 1269; x_wconf 86' lang='lat' dir='ltr'>attendamus</span> <span class='ocrx_word' id='word_1_68' title='bbox 1151 1206 1468 1290; x_wconf 91' lang='lat' dir='ltr'>quomodo</span> <span class='ocrx_word' id='word_1_69' title='bbox 1511 1210 1580 1270; x_wconf 92' lang='lat' dir='ltr'>in</span> <span class='ocrx_word' id='word_1_70' title='bbox 1623 1208 1725 1271; x_wconf 87' lang='lat' dir='ltr'>his</span> <span class='ocrx_word' id='word_1_71' title='bbox 1773 1210 2164 1273; x_wconf 87' lang='lat' dir='ltr'>orationibus</span> <span class='ocrx_word' id='word_1_72' title='bbox 2211 1232 2362 1274; x_wconf 88' lang='lat' dir='ltr'>cum</span> <span class='ocrx_word' id='word_1_73' title='bbox 2407 1210 2680 1276; x_wconf 83' lang='lat' dir='ltr'>Servilio</span> 
     </span>
     <span class='ocr_line' id='line_1_9' title="bbox 304 1306 2687 1400; baseline 0.004 -30"><span class='ocrx_word' id='word_1_74' title='bbox 304 1306 494 1371; x_wconf 90' lang='lat' dir='ltr'>Rullo</span> <span class='ocrx_word' id='word_1_75' title='bbox 544 1314 803 1372; x_wconf 90' lang='lat' dir='ltr'>auctore</span> <span class='ocrx_word' id='word_1_76' title='bbox 851 1312 1202 1394; x_wconf 75' lang='lat' dir='ltr'>rogationis</span> <span class='ocrx_word' id='word_1_77' title='bbox 1252 1313 1537 1395; x_wconf 86' lang='lat' dir='ltr'>agrariae</span> <span class='ocrx_word' id='word_1_78' title='bbox 1584 1318 1735 1397; x_wconf 86' lang='lat' dir='ltr'>agat</span> <span class='ocrx_word' id='word_1_79' title='bbox 1775 1310 2011 1378; x_wconf 87' lang='lat' dir='ltr'>Cicero.</span> <span class='ocrx_word' id='word_1_80' title='bbox 2062 1312 2242 1391; x_wconf 83' lang='lat' dir='ltr'>Quod</span> <span class='ocrx_word' id='word_1_81' title='bbox 2284 1314 2362 1378; x_wconf 90' lang='lat' dir='ltr'>ad</span> <span class='ocrx_word' id='word_1_82' title='bbox 2398 1317 2687 1400; x_wconf 88' lang='lat' dir='ltr'>primum</span> 
     </span>
     <span class='ocr_line' id='line_1_10' title="bbox 303 1411 2688 1499; baseline 0.004 -24"><span class='ocrx_word' id='word_1_83' title='bbox 303 1414 564 1488; x_wconf 75' lang='lat' dir='ltr'>attinet,</span> <span class='ocrx_word' id='word_1_84' title='bbox 629 1411 847 1477; x_wconf 92' lang='lat' dir='ltr'>locum</span> <span class='ocrx_word' id='word_1_85' title='bbox 894 1413 1307 1498; x_wconf 83' lang='lat' dir='ltr'>explanatum</span> <span class='ocrx_word' id='word_1_86' title='bbox 1354 1435 1478 1478; x_wconf 92' lang='lat' dir='ltr'>non</span> <span class='ocrx_word' id='word_1_87' title='bbox 1525 1415 1785 1480; x_wconf 86' lang='lat' dir='ltr'>habebit</span> <span class='ocrx_word' id='word_1_88' title='bbox 1832 1418 1943 1499; x_wconf 87' lang='lat' dir='ltr'>qui</span> <span class='ocrx_word' id='word_1_89' title='bbox 1971 1423 2065 1485; x_wconf 20' lang='lat' dir='ltr'>*ut</span> <span class='ocrx_word' id='word_1_90' title='bbox 2112 1416 2251 1481; x_wconf 90' lang='lat' dir='ltr'>fieri</span> <span class='ocrx_word' id='word_1_91' title='bbox 2298 1418 2460 1483; x_wconf 87' lang='lat' dir='ltr'>solet</span> <span class='ocrx_word' id='word_1_92' title='bbox 2510 1440 2688 1484; x_wconf 84' lang='lat' dir='ltr'>voca-</span> 
     </span>
    </p>

    <p class='ocr_par' dir='ltr' id='par_1_3' title="bbox 300 1508 2746 3180">
     <span class='ocr_line' id='line_1_11' title="bbox 302 1508 2746 1606; baseline 0.002 -26"><span class='ocrx_word' id='word_1_93' title='bbox 302 1514 531 1580; x_wconf 90' lang='lat' dir='ltr'>bulum</span> <span class='ocrx_word' id='word_1_94' title='bbox 596 1516 965 1600; x_wconf 86' lang='lat' dir='ltr'>„profiteri”</span> <span class='ocrx_word' id='word_1_95' title='bbox 1027 1517 1375 1582; x_wconf 83' lang='lat' dir='ltr'>reddiderit</span> <span class='ocrx_word' id='word_1_96' title='bbox 1418 1519 1613 1582; x_wconf 91' lang='lat' dir='ltr'>huius</span> <span class='ocrx_word' id='word_1_97' title='bbox 1659 1518 1836 1583; x_wconf 93' lang='lat' dir='ltr'>modi</span> <span class='ocrx_word' id='word_1_98' title='bbox 1884 1519 2179 1585; x_wconf 86' lang='lat' dir='ltr'>formulis</span> <span class='ocrx_word' id='word_1_99' title='bbox 2199 1568 2214 1598; x_wconf 95' lang='lat'>,</span> <span class='ocrx_word' id='word_1_100' title='bbox 2267 1522 2486 1606; x_wconf 89' lang='lat' dir='ltr'>quales</span> <span class='ocrx_word' id='word_1_101' title='bbox 2536 1526 2686 1586; x_wconf 87' lang='lat' dir='ltr'>sunt</span> <span class='ocrx_word' id='word_1_102' title='bbox 2743 1508 2746 1513; x_wconf 34' lang='lat'>¹</span> 
     </span>
     <span class='ocr_line' id='line_1_12' title="bbox 307 1622 2734 1704; baseline 0.003 -21"><span class='ocrx_word' id='word_1_103' title='bbox 307 1643 558 1698; x_wconf 83' lang='lat' dir='ltr'>„nomen</span> <span class='ocrx_word' id='word_1_104' title='bbox 614 1644 787 1685; x_wconf 80' lang='lat' dir='ltr'>suum</span> <span class='ocrx_word' id='word_1_105' title='bbox 850 1624 1021 1685; x_wconf 81' lang='lat' dir='ltr'>edere</span> <span class='ocrx_word' id='word_1_106' title='bbox 1084 1625 1252 1703; x_wconf 80' lang='lat' dir='ltr'>apud</span> <span class='ocrx_word' id='word_1_107' title='bbox 1310 1623 1790 1704; x_wconf 70' lang='lat' dir='ltr'>maqistratum&#39;-’,</span> <span class='ocrx_word' id='word_1_108' title='bbox 1857 1648 2104 1701; x_wconf 80' lang='lat' dir='ltr'>„nomen</span> <span class='ocrx_word' id='word_1_109' title='bbox 2165 1648 2334 1689; x_wconf 79' lang='lat' dir='ltr'>suum</span> <span class='ocrx_word' id='word_1_110' title='bbox 2377 1627 2444 1689; x_wconf 78' lang='lat' dir='ltr'>in</span> <span class='ocrx_word' id='word_1_111' title='bbox 2491 1628 2689 1689; x_wconf 76' lang='lat' dir='ltr'>album</span> <span class='ocrx_word' id='word_1_112' title='bbox 2731 1622 2734 1627; x_wconf 62' lang='grc'><strong>’</strong></span> 
     </span>
     <span class='ocr_line' id='line_1_13' title="bbox 304 1725 2690 1815; baseline 0.003 -26"><span class='ocrx_word' id='word_1_113' title='bbox 304 1725 761 1789; x_wconf 55' lang='lat' dir='ltr'>candidatorum</span> <span class='ocrx_word' id='word_1_114' title='bbox 829 1728 1231 1809; x_wconf 62' lang='lat' dir='ltr'>recipiendum</span> <span class='ocrx_word' id='word_1_115' title='bbox 1299 1728 1576 1805; x_wconf 79' lang='lat' dir='ltr'>curare”,</span> <span class='ocrx_word' id='word_1_116' title='bbox 1648 1730 2114 1814; x_wconf 88' lang='lat' dir='ltr'>pertinentibus</span> <span class='ocrx_word' id='word_1_117' title='bbox 2187 1730 2265 1795; x_wconf 90' lang='lat' dir='ltr'>ad</span> <span class='ocrx_word' id='word_1_118' title='bbox 2327 1751 2464 1795; x_wconf 89' lang='lat' dir='ltr'>rem</span> <span class='ocrx_word' id='word_1_119' title='bbox 2528 1751 2690 1815; x_wconf 86' lang='lat' dir='ltr'>quae</span> 
     </span>
     <span class='ocr_line' id='line_1_14' title="bbox 300 1833 2689 1920; baseline 0.002 -25"><span class='ocrx_word' id='word_1_120' title='bbox 300 1852 450 1896; x_wconf 87' lang='lat' dir='ltr'>sane</span> <span class='ocrx_word' id='word_1_121' title='bbox 514 1834 759 1896; x_wconf 86' lang='lat' dir='ltr'>usitata</span> <span class='ocrx_word' id='word_1_122' title='bbox 820 1838 885 1896; x_wconf 91' lang='lat' dir='ltr'>et</span> <span class='ocrx_word' id='word_1_123' title='bbox 944 1836 1294 1897; x_wconf 86' lang='lat' dir='ltr'>necessaria</span> <span class='ocrx_word' id='word_1_124' title='bbox 1339 1834 1535 1898; x_wconf 88' lang='lat' dir='ltr'>fuerit</span> <span class='ocrx_word' id='word_1_125' title='bbox 1582 1833 1930 1898; x_wconf 87' lang='lat' dir='ltr'>candidatis</span> <span class='ocrx_word' id='word_1_126' title='bbox 1978 1834 2282 1899; x_wconf 89' lang='lat' dir='ltr'>Romanis</span> <span class='ocrx_word' id='word_1_127' title='bbox 2304 1882 2321 1912; x_wconf 93' lang='lat'>,</span> <span class='ocrx_word' id='word_1_128' title='bbox 2371 1835 2480 1899; x_wconf 90' lang='lat' dir='ltr'>sed</span> <span class='ocrx_word' id='word_1_129' title='bbox 2529 1856 2689 1920; x_wconf 90' lang='lat' dir='ltr'>quae</span> 
     </span>
     <span class='ocr_line' id='line_1_15' title="bbox 304 1935 2691 2025; baseline 0.002 -24"><span class='ocrx_word' id='word_1_130' title='bbox 304 1935 623 2001; x_wconf 87' lang='lat' dir='ltr'>eiusmodi</span> <span class='ocrx_word' id='word_1_131' title='bbox 672 1940 758 2001; x_wconf 90' lang='lat' dir='ltr'>sit</span> <span class='ocrx_word' id='word_1_132' title='bbox 799 1943 877 2001; x_wconf 90' lang='lat' dir='ltr'>ut</span> <span class='ocrx_word' id='word_1_133' title='bbox 924 1940 1121 2002; x_wconf 88' lang='lat' dir='ltr'>etiam</span> <span class='ocrx_word' id='word_1_134' title='bbox 1166 1939 1245 2003; x_wconf 92' lang='lat' dir='ltr'>ab</span> <span class='ocrx_word' id='word_1_135' title='bbox 1298 1939 1698 2016; x_wconf 86' lang='lat' dir='ltr'>absentibus,</span> <span class='ocrx_word' id='word_1_136' title='bbox 1745 1960 1859 2023; x_wconf 92' lang='lat' dir='ltr'>per</span> <span class='ocrx_word' id='word_1_137' title='bbox 1902 1939 2314 2017; x_wconf 89' lang='lat' dir='ltr'>mandatum,</span> <span class='ocrx_word' id='word_1_138' title='bbox 2358 1943 2468 2025; x_wconf 85' lang='lat' dir='ltr'>agi</span> <span class='ocrx_word' id='word_1_139' title='bbox 2505 1946 2691 2025; x_wconf 90' lang='lat' dir='ltr'>potu-</span> 
     </span>
     <span class='ocr_line' id='line_1_16' title="bbox 303 2041 2689 2129; baseline 0.002 -24"><span class='ocrx_word' id='word_1_140' title='bbox 303 2045 445 2106; x_wconf 90' lang='lat' dir='ltr'>erit.</span> <span class='ocrx_word' id='word_1_141' title='bbox 509 2041 697 2106; x_wconf 89' lang='lat' dir='ltr'>Hanc</span> <span class='ocrx_word' id='word_1_142' title='bbox 760 2043 839 2106; x_wconf 96' lang='lat' dir='ltr'>ob</span> <span class='ocrx_word' id='word_1_143' title='bbox 902 2064 1161 2107; x_wconf 87' lang='lat' dir='ltr'>causam</span> <span class='ocrx_word' id='word_1_144' title='bbox 1221 2046 1546 2128; x_wconf 90' lang='lat' dir='ltr'>inprimis,</span> <span class='ocrx_word' id='word_1_145' title='bbox 1597 2044 1768 2129; x_wconf 89' lang='lat' dir='ltr'>quod</span> <span class='ocrx_word' id='word_1_146' title='bbox 1813 2046 1977 2108; x_wconf 89' lang='lat' dir='ltr'>mihi</span> <span class='ocrx_word' id='word_1_147' title='bbox 2025 2066 2177 2109; x_wconf 84' lang='lat' dir='ltr'>mox</span> <span class='ocrx_word' id='word_1_148' title='bbox 2227 2043 2351 2109; x_wconf 88' lang='lat' dir='ltr'>alio</span> <span class='ocrx_word' id='word_1_149' title='bbox 2401 2044 2540 2110; x_wconf 93' lang='lat' dir='ltr'>loco</span> <span class='ocrx_word' id='word_1_150' title='bbox 2587 2044 2689 2109; x_wconf 90' lang='lat' dir='ltr'>de-</span> 
     </span>
     <span class='ocr_line' id='line_1_17' title="bbox 303 2144 2690 2235; baseline 0.001 -24"><span class='ocrx_word' id='word_1_151' title='bbox 303 2144 795 2213; x_wconf 77' lang='lat' dir='ltr'>monstrandum</span> <span class='ocrx_word' id='word_1_152' title='bbox 842 2152 1143 2233; x_wconf 91' lang='lat' dir='ltr'>proposui</span> <span class='ocrx_word' id='word_1_153' title='bbox 1187 2148 1720 2235; x_wconf 86' lang='lat' dir='ltr'>significationem</span> <span class='ocrx_word' id='word_1_154' title='bbox 1759 2148 2124 2235; x_wconf 84' lang='lat' dir='ltr'>legitimam</span> <span class='ocrx_word' id='word_1_155' title='bbox 2168 2149 2460 2215; x_wconf 84' lang='lat' dir='ltr'>vocabuli</span> <span class='ocrx_word' id='word_1_156' title='bbox 2507 2170 2690 2234; x_wconf 88' lang='lat' dir='ltr'>„pro-</span> 
     </span>
     <span class='ocr_line' id='line_1_18' title="bbox 300 2253 2688 2338; baseline 0.001 -22"><span class='ocrx_word' id='word_1_157' title='bbox 300 2253 512 2317; x_wconf 83' lang='lat' dir='ltr'>fiteri”</span> <span class='ocrx_word' id='word_1_158' title='bbox 577 2274 704 2317; x_wconf 93' lang='lat' dir='ltr'>non</span> <span class='ocrx_word' id='word_1_159' title='bbox 766 2273 908 2316; x_wconf 89' lang='lat' dir='ltr'>eam</span> <span class='ocrx_word' id='word_1_160' title='bbox 969 2274 1104 2318; x_wconf 90' lang='lat' dir='ltr'>esse</span> <span class='ocrx_word' id='word_1_161' title='bbox 1166 2275 1324 2338; x_wconf 88' lang='lat' dir='ltr'>quae</span> <span class='ocrx_word' id='word_1_162' title='bbox 1387 2256 1455 2317; x_wconf 91' lang='lat' dir='ltr'>in</span> <span class='ocrx_word' id='word_1_163' title='bbox 1516 2253 1648 2318; x_wconf 88' lang='lat' dir='ltr'>illis</span> <span class='ocrx_word' id='word_1_164' title='bbox 1707 2254 2005 2318; x_wconf 88' lang='lat' dir='ltr'>formulis</span> <span class='ocrx_word' id='word_1_165' title='bbox 2058 2257 2246 2331; x_wconf 89' lang='lat' dir='ltr'>insit,</span> <span class='ocrx_word' id='word_1_166' title='bbox 2298 2260 2371 2319; x_wconf 89' lang='lat' dir='ltr'>ut</span> <span class='ocrx_word' id='word_1_167' title='bbox 2417 2255 2604 2321; x_wconf 90' lang='lat' dir='ltr'>hodie</span> <span class='ocrx_word' id='word_1_168' title='bbox 2651 2275 2688 2319; x_wconf 90' lang='lat' dir='ltr'>a</span> 
     </span>
     <span class='ocr_line' id='line_1_19' title="bbox 300 2357 2684 2443; baseline 0.001 -22"><span class='ocrx_word' id='word_1_169' title='bbox 300 2360 461 2422; x_wconf 84' lang='lat' dir='ltr'>viris</span> <span class='ocrx_word' id='word_1_170' title='bbox 524 2358 729 2422; x_wconf 88' lang='lat' dir='ltr'>doctis</span> <span class='ocrx_word' id='word_1_171' title='bbox 776 2357 1076 2421; x_wconf 87' lang='lat' dir='ltr'>affirmari</span> <span class='ocrx_word' id='word_1_172' title='bbox 1125 2358 1319 2435; x_wconf 90' lang='lat' dir='ltr'>solet,</span> <span class='ocrx_word' id='word_1_173' title='bbox 1368 2361 1591 2443; x_wconf 89' lang='lat' dir='ltr'>magni</span> <span class='ocrx_word' id='word_1_174' title='bbox 1638 2358 1796 2422; x_wconf 88' lang='lat' dir='ltr'>facio</span> <span class='ocrx_word' id='word_1_175' title='bbox 1846 2358 2016 2423; x_wconf 93' lang='lat' dir='ltr'>hunc</span> <span class='ocrx_word' id='word_1_176' title='bbox 2061 2359 2276 2424; x_wconf 91' lang='lat' dir='ltr'>locum</span> <span class='ocrx_word' id='word_1_177' title='bbox 2327 2358 2684 2437; x_wconf 85' lang='lat' dir='ltr'>Ciceronis,</span> 
     </span>
     <span class='ocr_line' id='line_1_20' title="bbox 306 2462 2687 2549; baseline 0.001 -22"><span class='ocrx_word' id='word_1_178' title='bbox 306 2466 417 2547; x_wconf 92' lang='lat' dir='ltr'>qui</span> <span class='ocrx_word' id='word_1_179' title='bbox 478 2466 863 2528; x_wconf 87' lang='lat' dir='ltr'>sententiam</span> <span class='ocrx_word' id='word_1_180' title='bbox 925 2484 1136 2527; x_wconf 89' lang='lat' dir='ltr'>meam</span> <span class='ocrx_word' id='word_1_181' title='bbox 1197 2463 1372 2528; x_wconf 88' lang='lat' dir='ltr'>haud</span> <span class='ocrx_word' id='word_1_182' title='bbox 1433 2485 1663 2547; x_wconf 89' lang='lat' dir='ltr'>parum</span> <span class='ocrx_word' id='word_1_183' title='bbox 1723 2462 2069 2528; x_wconf 88' lang='lat' dir='ltr'>confirmet.</span> <span class='ocrx_word' id='word_1_184' title='bbox 2134 2465 2356 2549; x_wconf 87' lang='lat' dir='ltr'>Itaque</span> <span class='ocrx_word' id='word_1_185' title='bbox 2400 2468 2534 2529; x_wconf 91' lang='lat' dir='ltr'>iam</span> <span class='ocrx_word' id='word_1_186' title='bbox 2580 2466 2687 2529; x_wconf 89' lang='lat' dir='ltr'>hic</span> 
     </span>
     <span class='ocr_line' id='line_1_21' title="bbox 302 2567 2688 2653; baseline 0.001 -22"><span class='ocrx_word' id='word_1_187' title='bbox 302 2568 461 2633; x_wconf 88' lang='lat' dir='ltr'>duos</span> <span class='ocrx_word' id='word_1_188' title='bbox 520 2568 697 2632; x_wconf 91' lang='lat' dir='ltr'>locos</span> <span class='ocrx_word' id='word_1_189' title='bbox 740 2567 1015 2632; x_wconf 87' lang='lat' dir='ltr'>afferam</span> <span class='ocrx_word' id='word_1_190' title='bbox 1079 2571 1188 2653; x_wconf 91' lang='lat' dir='ltr'>qui</span> <span class='ocrx_word' id='word_1_191' title='bbox 1247 2569 1552 2653; x_wconf 87' lang='lat' dir='ltr'>probent,</span> <span class='ocrx_word' id='word_1_192' title='bbox 1599 2567 1732 2631; x_wconf 94' lang='lat' dir='ltr'>illis</span> <span class='ocrx_word' id='word_1_193' title='bbox 1779 2568 2078 2633; x_wconf 88' lang='lat' dir='ltr'>formulis</span> <span class='ocrx_word' id='word_1_194' title='bbox 2124 2590 2249 2633; x_wconf 93' lang='lat' dir='ltr'>non</span> <span class='ocrx_word' id='word_1_195' title='bbox 2294 2576 2462 2633; x_wconf 90' lang='lat' dir='ltr'>recte</span> <span class='ocrx_word' id='word_1_196' title='bbox 2508 2569 2688 2633; x_wconf 89' lang='lat' dir='ltr'>reddi</span> 
     </span>
     <span class='ocr_line' id='line_1_22' title="bbox 302 2672 2686 2760; baseline 0 -21"><span class='ocrx_word' id='word_1_197' title='bbox 302 2695 566 2740; x_wconf 89' lang='lat' dir='ltr'>sensum</span> <span class='ocrx_word' id='word_1_198' title='bbox 613 2672 943 2752; x_wconf 83' lang='lat' dir='ltr'>vocabuli;</span> <span class='ocrx_word' id='word_1_199' title='bbox 993 2676 1413 2760; x_wconf 83' lang='lat' dir='ltr'>magistratus</span> <span class='ocrx_word' id='word_1_200' title='bbox 1461 2675 1633 2738; x_wconf 91' lang='lat' dir='ltr'>enim</span> <span class='ocrx_word' id='word_1_201' title='bbox 1683 2676 1793 2758; x_wconf 91' lang='lat' dir='ltr'>qui</span> <span class='ocrx_word' id='word_1_202' title='bbox 1833 2676 2094 2738; x_wconf 89' lang='lat' dir='ltr'>comitia</span> <span class='ocrx_word' id='word_1_203' title='bbox 2133 2674 2419 2739; x_wconf 88' lang='lat' dir='ltr'>habituri</span> <span class='ocrx_word' id='word_1_204' title='bbox 2458 2682 2686 2754; x_wconf 90' lang='lat' dir='ltr'>essent,</span> 
     </span>
     <span class='ocr_line' id='line_1_23' title="bbox 302 2778 2689 2866; baseline 0 -22"><span class='ocrx_word' id='word_1_205' title='bbox 302 2779 471 2864; x_wconf 89' lang='lat' dir='ltr'>apud</span> <span class='ocrx_word' id='word_1_206' title='bbox 531 2801 689 2863; x_wconf 90' lang='lat' dir='ltr'>quos</span> <span class='ocrx_word' id='word_1_207' title='bbox 753 2781 1011 2844; x_wconf 89' lang='lat' dir='ltr'>nomina</span> <span class='ocrx_word' id='word_1_208' title='bbox 1056 2780 1291 2844; x_wconf 86' lang='lat' dir='ltr'>edenda</span> <span class='ocrx_word' id='word_1_209' title='bbox 1337 2786 1582 2856; x_wconf 89' lang='lat' dir='ltr'>essent,</span> <span class='ocrx_word' id='word_1_210' title='bbox 1634 2785 1800 2843; x_wconf 89' lang='lat' dir='ltr'>certe</span> <span class='ocrx_word' id='word_1_211' title='bbox 1845 2778 2027 2844; x_wconf 91' lang='lat' dir='ltr'>nullo</span> <span class='ocrx_word' id='word_1_212' title='bbox 2077 2781 2264 2844; x_wconf 93' lang='lat' dir='ltr'>modo</span> <span class='ocrx_word' id='word_1_213' title='bbox 2312 2783 2456 2866; x_wconf 88' lang='lat' dir='ltr'>cogi</span> <span class='ocrx_word' id='word_1_214' title='bbox 2502 2787 2689 2866; x_wconf 91' lang='lat' dir='ltr'>potu-</span> 
     </span>
     <span class='ocr_line' id='line_1_24' title="bbox 303 2884 2687 2970; baseline 0 -20"><span class='ocrx_word' id='word_1_215' title='bbox 303 2891 492 2950; x_wconf 87' lang='lat' dir='ltr'>erunt</span> <span class='ocrx_word' id='word_1_216' title='bbox 557 2890 633 2949; x_wconf 92' lang='lat' dir='ltr'>ut</span> <span class='ocrx_word' id='word_1_217' title='bbox 678 2887 871 2948; x_wconf 86' lang='lat' dir='ltr'>inviti</span> <span class='ocrx_word' id='word_1_218' title='bbox 916 2887 1177 2949; x_wconf 91' lang='lat' dir='ltr'>nomina</span> <span class='ocrx_word' id='word_1_219' title='bbox 1219 2888 1287 2948; x_wconf 94' lang='lat' dir='ltr'>in</span> <span class='ocrx_word' id='word_1_220' title='bbox 1337 2884 1559 2950; x_wconf 93' lang='lat' dir='ltr'>album</span> <span class='ocrx_word' id='word_1_221' title='bbox 1604 2887 1991 2970; x_wconf 90' lang='lat' dir='ltr'>reciperent,</span> <span class='ocrx_word' id='word_1_222' title='bbox 2043 2888 2225 2969; x_wconf 85' lang='lat' dir='ltr'>atqui</span> <span class='ocrx_word' id='word_1_223' title='bbox 2272 2907 2349 2949; x_wconf 85' lang='lat' dir='ltr'>ex</span> <span class='ocrx_word' id='word_1_224' title='bbox 2395 2888 2485 2950; x_wconf 90' lang='lat' dir='ltr'>eis</span> <span class='ocrx_word' id='word_1_225' title='bbox 2528 2886 2687 2951; x_wconf 88' lang='lat' dir='ltr'>locis</span> 
     </span>
     <span class='ocr_line' id='line_1_25' title="bbox 303 2989 2690 3076; baseline 0.001 -22"><span class='ocrx_word' id='word_1_226' title='bbox 303 2995 607 3075; x_wconf 87' lang='lat' dir='ltr'>apparet,</span> <span class='ocrx_word' id='word_1_227' title='bbox 661 2990 1029 3074; x_wconf 89' lang='lat' dir='ltr'>„profiteri”</span> <span class='ocrx_word' id='word_1_228' title='bbox 1078 2990 1274 3055; x_wconf 83' lang='lat' dir='ltr'>fuisse</span> <span class='ocrx_word' id='word_1_229' title='bbox 1321 2989 1565 3074; x_wconf 90' lang='lat' dir='ltr'>aliquid</span> <span class='ocrx_word' id='word_1_230' title='bbox 1614 2990 1781 3074; x_wconf 91' lang='lat' dir='ltr'>quod</span> <span class='ocrx_word' id='word_1_231' title='bbox 1826 3010 1863 3054; x_wconf 87' lang='lat' dir='ltr'>a</span> <span class='ocrx_word' id='word_1_232' title='bbox 1909 2989 2258 3054; x_wconf 88' lang='lat' dir='ltr'>candidatis</span> <span class='ocrx_word' id='word_1_233' title='bbox 2297 2992 2513 3076; x_wconf 87' lang='lat' dir='ltr'>perfici</span> <span class='ocrx_word' id='word_1_234' title='bbox 2551 3012 2690 3076; x_wconf 87' lang='lat' dir='ltr'>pos-</span> 
     </span>
     <span class='ocr_line' id='line_1_26' title="bbox 301 3094 2688 3180; baseline 0.001 -22"><span class='ocrx_word' id='word_1_235' title='bbox 301 3100 397 3159; x_wconf 89' lang='lat' dir='ltr'>set</span> <span class='ocrx_word' id='word_1_236' title='bbox 444 3097 651 3159; x_wconf 87' lang='lat' dir='ltr'>etiam</span> <span class='ocrx_word' id='word_1_237' title='bbox 693 3097 898 3160; x_wconf 85' lang='lat' dir='ltr'>invito</span> <span class='ocrx_word' id='word_1_238' title='bbox 944 3097 1333 3180; x_wconf 85' lang='lat' dir='ltr'>magistratu</span> <span class='ocrx_word' id='word_1_239' title='bbox 1380 3097 1493 3179; x_wconf 90' lang='lat' dir='ltr'>qui</span> <span class='ocrx_word' id='word_1_240' title='bbox 1536 3097 1799 3159; x_wconf 90' lang='lat' dir='ltr'>comitia</span> <span class='ocrx_word' id='word_1_241' title='bbox 1845 3095 2182 3160; x_wconf 90' lang='lat' dir='ltr'>habiturus</span> <span class='ocrx_word' id='word_1_242' title='bbox 2230 3103 2393 3160; x_wconf 88' lang='lat' dir='ltr'>esset</span> <span class='ocrx_word' id='word_1_243' title='bbox 2420 3094 2490 3176; x_wconf 85' lang='grc'>1).</span> <span class='ocrx_word' id='word_1_244' title='bbox 2539 3096 2688 3161; x_wconf 82' lang='grc' dir='ltr'>Μ66</span> 
     </span>
    </p>
   </div>
   <div class='ocr_carea' id='block_1_3' title="bbox 300 3262 694 3275">
    <p class='ocr_par' dir='ltr' id='par_1_4' title="bbox 300 3262 694 3275">
     <span class='ocr_line' id='line_1_27' title="bbox 300 3262 694 3275; baseline 0 0"><span class='ocrx_word' id='word_1_245' title='bbox 300 3262 694 3275; x_wconf 95' lang='lat' dir='ltr'> </span> 
     </span>
    </p>
   </div>
   <div class='ocr_carea' id='block_1_4' title="bbox 297 3350 2698 4554">
    <p class='ocr_par' dir='ltr' id='par_1_5' title="bbox 297 3350 2698 4554">
     <span class='ocr_line' id='line_1_28' title="bbox 372 3350 2693 3416; baseline -0.001 -14"><span class='ocrx_word' id='word_1_246' title='bbox 372 3355 427 3416; x_wconf 96' lang='grc'>1)</span> <span class='ocrx_word' id='word_1_247' title='bbox 474 3353 620 3402; x_wconf 80' lang='lat' dir='ltr'>Alter</span> <span class='ocrx_word' id='word_1_248' title='bbox 662 3354 793 3401; x_wconf 90' lang='lat' dir='ltr'>locus</span> <span class='ocrx_word' id='word_1_249' title='bbox 834 3355 904 3400; x_wconf 85' lang='lat' dir='ltr'>est</span> <span class='ocrx_word' id='word_1_250' title='bbox 948 3352 1075 3400; x_wconf 85' lang='lat' dir='ltr'>Livii</span> <span class='ocrx_word' id='word_1_251' title='bbox 1109 3351 1176 3412; x_wconf 82' lang='lat'>(7.</span> <span class='ocrx_word' id='word_1_252' title='bbox 1208 3352 1288 3401; x_wconf 79' lang='lat'>22.</span> <span class='ocrx_word' id='word_1_253' title='bbox 1322 3350 1368 3408; x_wconf 79' lang='grc'>7.</span> <span class='ocrx_word' id='word_1_254' title='bbox 1405 3367 1447 3399; x_wconf 87' lang='grc'>6.</span> <span class='ocrx_word' id='word_1_255' title='bbox 1484 3351 1633 3412; x_wconf 79' lang='lat'>352)=</span> <span class='ocrx_word' id='word_1_256' title='bbox 1689 3366 1818 3398; x_wconf 64' lang='lat' dir='ltr'>»cum</span> <span class='ocrx_word' id='word_1_257' title='bbox 1853 3350 2113 3398; x_wconf 70' lang='lat' dir='ltr'>censoribus</span> <span class='ocrx_word' id='word_1_258' title='bbox 2146 3351 2364 3398; x_wconf 80' lang='lat' dir='ltr'>creandis</span> <span class='ocrx_word' id='word_1_259' title='bbox 2397 3350 2586 3399; x_wconf 79' lang='lat' dir='ltr'>indicta</span> <span class='ocrx_word' id='word_1_260' title='bbox 2619 3366 2693 3400; x_wconf 89' lang='lat' dir='ltr'>co-</span> 
     </span>
     <span class='ocr_line' id='line_1_29' title="bbox 302 3431 2689 3496; baseline -0.001 -12"><span class='ocrx_word' id='word_1_261' title='bbox 302 3436 442 3484; x_wconf 76' lang='lat' dir='ltr'>mitia</span> <span class='ocrx_word' id='word_1_262' title='bbox 495 3439 677 3493; x_wconf 82' lang='lat' dir='ltr'>essent,</span> <span class='ocrx_word' id='word_1_263' title='bbox 725 3436 1053 3496; x_wconf 77' lang='lat' dir='ltr'>professus</span> <span class='ocrx_word' id='word_1_264' title='bbox 1103 3448 1345 3481; x_wconf 84' lang='lat' dir='ltr'>censuram</span> <span class='ocrx_word' id='word_1_265' title='bbox 1396 3448 1446 3480; x_wconf 87' lang='lat' dir='ltr'>se</span> <span class='ocrx_word' id='word_1_266' title='bbox 1490 3437 1648 3494; x_wconf 87' lang='lat' dir='ltr'>petere</span> <span class='ocrx_word' id='word_1_267' title='bbox 1707 3434 1756 3480; x_wconf 79' lang='grc' dir='ltr'>Ο.</span> <span class='ocrx_word' id='word_1_268' title='bbox 1811 3431 2026 3480; x_wconf 76' lang='lat' dir='ltr'>Marcius</span> <span class='ocrx_word' id='word_1_269' title='bbox 2061 3432 2290 3480; x_wconf 77' lang='lat' dir='ltr'>Rutilus.</span> <span class='ocrx_word' id='word_1_270' title='bbox 2311 3469 2322 3480; x_wconf 92' lang='lat'>.</span> <span class='ocrx_word' id='word_1_271' title='bbox 2348 3469 2359 3480; x_wconf 95' lang='lat'>.</span> <span class='ocrx_word' id='word_1_272' title='bbox 2394 3432 2689 3481; x_wconf 75' lang='lat' dir='ltr'>concordiam</span> 
     </span>
     <span class='ocr_line' id='line_1_30' title="bbox 301 3513 2692 3579; baseline -0.001 -13"><span class='ocrx_word' id='word_1_273' title='bbox 301 3519 524 3568; x_wconf 80' lang='lat' dir='ltr'>ordinum</span> <span class='ocrx_word' id='word_1_274' title='bbox 558 3517 771 3566; x_wconf 75' lang='lat' dir='ltr'>turbavit</span> <span class='ocrx_word' id='word_1_275' title='bbox 782 3537 800 3572; x_wconf 91' lang='lat'><em>;</em></span> <span class='ocrx_word' id='word_1_276' title='bbox 833 3518 959 3579; x_wconf 76' lang='lat' dir='ltr'>qnod</span> <span class='ocrx_word' id='word_1_277' title='bbox 989 3515 1235 3564; x_wconf 78' lang='lat' dir='ltr'>videbatur</span> <span class='ocrx_word' id='word_1_278' title='bbox 1266 3514 1449 3577; x_wconf 78' lang='lat' dir='ltr'>quidem</span> <span class='ocrx_word' id='word_1_279' title='bbox 1485 3519 1687 3576; x_wconf 80' lang='lat' dir='ltr'>tempore</span> <span class='ocrx_word' id='word_1_280' title='bbox 1721 3513 1876 3562; x_wconf 82' lang='lat' dir='ltr'>alieno</span> <span class='ocrx_word' id='word_1_281' title='bbox 1906 3514 2095 3574; x_wconf 79' lang='lat' dir='ltr'>fecisse,</span> <span class='ocrx_word' id='word_1_282' title='bbox 2128 3513 2242 3576; x_wconf 73' lang='lat' dir='ltr'>quia</span> <span class='ocrx_word' id='word_1_283' title='bbox 2271 3514 2402 3563; x_wconf 77' lang='lat' dir='ltr'>ambo</span> <span class='ocrx_word' id='word_1_284' title='bbox 2429 3519 2529 3562; x_wconf 80' lang='lat' dir='ltr'>tam</span> <span class='ocrx_word' id='word_1_285' title='bbox 2558 3519 2692 3576; x_wconf 76' lang='lat' dir='ltr'>sorte</span> 
     </span>
     <span class='ocr_line' id='line_1_31' title="bbox 297 3593 2691 3662; baseline -0.002 -14"><span class='ocrx_word' id='word_1_286' title='bbox 297 3600 499 3662; x_wconf 82' lang='lat' dir='ltr'>patricii</span> <span class='ocrx_word' id='word_1_287' title='bbox 534 3601 745 3647; x_wconf 83' lang='lat' dir='ltr'>consules</span> <span class='ocrx_word' id='word_1_288' title='bbox 778 3603 941 3655; x_wconf 83' lang='lat' dir='ltr'>erant,</span> <span class='ocrx_word' id='word_1_289' title='bbox 987 3597 1071 3662; x_wconf 78' lang='lat' dir='ltr'>qni</span> <span class='ocrx_word' id='word_1_290' title='bbox 1115 3596 1419 3645; x_wconf 84' lang='lat' dir='ltr'>rationem</span> <span class='ocrx_word' id='word_1_291' title='bbox 1466 3595 1603 3644; x_wconf 82' lang='lat' dir='ltr'>cius</span> <span class='ocrx_word' id='word_1_292' title='bbox 1646 3611 1706 3643; x_wconf 83' lang='lat' dir='ltr'>se</span> <span class='ocrx_word' id='word_1_293' title='bbox 1751 3595 2085 3643; x_wconf 70' lang='lat' dir='ltr'>habit-uros</span> <span class='ocrx_word' id='word_1_294' title='bbox 2129 3595 2495 3658; x_wconf 74' lang='lat' dir='ltr'>neqabant’&#39;.</span> <span class='ocrx_word' id='word_1_295' title='bbox 2542 3595 2606 3643; x_wconf 91' lang='lat' dir='ltr'>H.</span> <span class='ocrx_word' id='word_1_296' title='bbox 2657 3593 2691 3644; x_wconf 90' lang='lat' dir='ltr'>l.</span> 
     </span>
     <span class='ocr_line' id='line_1_32' title="bbox 301 3676 2690 3740; baseline -0.002 -11"><span class='ocrx_word' id='word_1_297' title='bbox 301 3681 612 3738; x_wconf 79' lang='lat' dir='ltr'>candidatus,</span> <span class='ocrx_word' id='word_1_298' title='bbox 644 3678 779 3727; x_wconf 90' lang='grc'>6111116</span> <span class='ocrx_word' id='word_1_299' title='bbox 815 3694 985 3726; x_wconf 91' lang='lat' dir='ltr'>nomen</span> <span class='ocrx_word' id='word_1_300' title='bbox 1020 3682 1148 3726; x_wconf 86' lang='lat' dir='ltr'>certe</span> <span class='ocrx_word' id='word_1_301' title='bbox 1182 3693 1211 3725; x_wconf 79' lang='grc'>6</span> <span class='ocrx_word' id='word_1_302' title='bbox 1247 3676 1602 3738; x_wconf 79' lang='lat' dir='ltr'>magistratibus</span> <span class='ocrx_word' id='word_1_303' title='bbox 1635 3677 1688 3725; x_wconf 88' lang='grc'>111</span> <span class='ocrx_word' id='word_1_304' title='bbox 1723 3676 1884 3725; x_wconf 79' lang='lat' dir='ltr'>album</span> <span class='ocrx_word' id='word_1_305' title='bbox 1918 3676 2279 3724; x_wconf 82' lang='lat' dir='ltr'>candidatorum</span> <span class='ocrx_word' id='word_1_306' title='bbox 2319 3680 2561 3740; x_wconf 83' lang='lat' dir='ltr'>receptum</span> <span class='ocrx_word' id='word_1_307' title='bbox 2593 3691 2690 3724; x_wconf 88' lang='lat' dir='ltr'>non</span> 
     </span>
     <span class='ocr_line' id='line_1_33' title="bbox 303 3757 2690 3823; baseline -0.002 -13"><span class='ocrx_word' id='word_1_308' title='bbox 303 3768 394 3818; x_wconf 83' lang='lat' dir='ltr'>est,</span> <span class='ocrx_word' id='word_1_309' title='bbox 446 3759 771 3809; x_wconf 86' lang='lat' dir='ltr'>nihilominus</span> <span class='ocrx_word' id='word_1_310' title='bbox 815 3759 1055 3823; x_wconf 85' lang='lat' dir='ltr'>professus</span> <span class='ocrx_word' id='word_1_311' title='bbox 1099 3773 1197 3806; x_wconf 88' lang='grc'>6666</span> <span class='ocrx_word' id='word_1_312' title='bbox 1240 3757 1431 3806; x_wconf 86' lang='lat' dir='ltr'>dicitur.</span> <span class='ocrx_word' id='word_1_313' title='bbox 1479 3757 1618 3805; x_wconf 83' lang='lat' dir='ltr'>Alter</span> <span class='ocrx_word' id='word_1_314' title='bbox 1662 3758 1794 3806; x_wconf 88' lang='grc'>166116</span> <span class='ocrx_word' id='word_1_315' title='bbox 1841 3761 1912 3805; x_wconf 87' lang='lat' dir='ltr'>est</span> <span class='ocrx_word' id='word_1_316' title='bbox 1946 3757 2099 3804; x_wconf 87' lang='lat' dir='ltr'>Vellei</span> <span class='ocrx_word' id='word_1_317' title='bbox 2135 3758 2204 3816; x_wconf 83' lang='lat'>(2.</span> <span class='ocrx_word' id='word_1_318' title='bbox 2227 3758 2306 3806; x_wconf 83' lang='lat'>92.</span> <span class='ocrx_word' id='word_1_319' title='bbox 2329 3759 2358 3804; x_wconf 83' lang='lat'>3</span> <span class='ocrx_word' id='word_1_320' title='bbox 2393 3773 2481 3821; x_wconf 92' lang='lat' dir='ltr'>sq.,</span> <span class='ocrx_word' id='word_1_321' title='bbox 2516 3773 2558 3806; x_wconf 95' lang='grc'>6.</span> <span class='ocrx_word' id='word_1_322' title='bbox 2597 3758 2690 3817; x_wconf 82' lang='grc'>19,</span> 
     </span>
     <span class='ocr_line' id='line_1_34' title="bbox 304 3837 2688 3906; baseline -0.001 -16"><span class='ocrx_word' id='word_1_323' title='bbox 304 3858 441 3906; x_wconf 86' lang='lat' dir='ltr'>quem</span> <span class='ocrx_word' id='word_1_324' title='bbox 499 3842 661 3890; x_wconf 86' lang='lat' dir='ltr'>locum</span> <span class='ocrx_word' id='word_1_325' title='bbox 698 3840 864 3888; x_wconf 79' lang='lat' dir='ltr'>attulit</span> <span class='ocrx_word' id='word_1_326' title='bbox 901 3841 1172 3889; x_wconf 82' lang='lat' dir='ltr'>Mommsen</span> <span class='ocrx_word' id='word_1_327' title='bbox 1208 3837 1410 3887; x_wconf 79' lang='lat' dir='ltr'>Staatsr.</span> <span class='ocrx_word' id='word_1_328' title='bbox 1455 3839 1478 3884; x_wconf 90' lang='lat' dir='ltr'>l</span> <span class='ocrx_word' id='word_1_329' title='bbox 1514 3854 1622 3902; x_wconf 79' lang='lat' dir='ltr'>pag.</span> <span class='ocrx_word' id='word_1_330' title='bbox 1655 3840 1752 3886; x_wconf 85' lang='lat'>481</span> <span class='ocrx_word' id='word_1_331' title='bbox 1791 3839 1898 3886; x_wconf 82' lang='lat' dir='ltr'>adn.</span> <span class='ocrx_word' id='word_1_332' title='bbox 1939 3839 2018 3899; x_wconf 83' lang='lat' dir='ltr'>l):</span> <span class='ocrx_word' id='word_1_333' title='bbox 2065 3839 2284 3886; x_wconf 72' lang='lat' dir='ltr'>-Sentius</span> <span class='ocrx_word' id='word_1_334' title='bbox 2317 3855 2406 3887; x_wconf 87' lang='lat' dir='ltr'>cos.</span> <span class='ocrx_word' id='word_1_335' title='bbox 2441 3843 2492 3888; x_wconf 89' lang='lat' dir='ltr'>et</span> <span class='ocrx_word' id='word_1_336' title='bbox 2524 3855 2688 3902; x_wconf 78' lang='lat' dir='ltr'>quaes-</span> 
     </span>
     <span class='ocr_line' id='line_1_35' title="bbox 306 3917 2694 3985; baseline -0.001 -14"><span class='ocrx_word' id='word_1_337' title='bbox 306 3927 465 3971; x_wconf 74' lang='lat' dir='ltr'>turam</span> <span class='ocrx_word' id='word_1_338' title='bbox 485 3925 735 3984; x_wconf 83' lang='lat' dir='ltr'>petentes,</span> <span class='ocrx_word' id='word_1_339' title='bbox 759 3935 871 3983; x_wconf 77' lang='lat' dir='ltr'>quos</span> <span class='ocrx_word' id='word_1_340' title='bbox 898 3920 1115 3983; x_wconf 70' lang='lat' dir='ltr'>indiqnos</span> <span class='ocrx_word' id='word_1_341' title='bbox 1142 3919 1397 3975; x_wconf 74' lang='lat' dir='ltr'>iudicavit,</span> <span class='ocrx_word' id='word_1_342' title='bbox 1430 3918 1746 3980; x_wconf 78' lang='lat' dir='ltr'>profiteri</span> <span class='ocrx_word' id='word_1_343' title='bbox 1779 3917 2014 3977; x_wconf 78' lang='lat' dir='ltr'>vetuit,</span> <span class='ocrx_word' id='word_1_344' title='bbox 2048 3922 2124 3985; x_wconf 84' lang='lat' dir='ltr'>et,</span> <span class='ocrx_word' id='word_1_345' title='bbox 2156 3934 2259 3966; x_wconf 79' lang='lat' dir='ltr'>cum</span> <span class='ocrx_word' id='word_1_346' title='bbox 2295 3919 2351 3966; x_wconf 86' lang='lat' dir='ltr'>id</span> <span class='ocrx_word' id='word_1_347' title='bbox 2389 3921 2694 3977; x_wconf 79' lang='lat' dir='ltr'>facturos</span> 
     </span>
     <span class='ocr_line' id='line_1_36' title="bbox 302 3998 2696 4066; baseline -0.002 -14"><span class='ocrx_word' id='word_1_348' title='bbox 302 4018 362 4052; x_wconf 85' lang='lat' dir='ltr'>se</span> <span class='ocrx_word' id='word_1_349' title='bbox 398 4005 921 4066; x_wconf 79' lang='lat' dir='ltr'>perseverarent,</span> <span class='ocrx_word' id='word_1_350' title='bbox 968 4001 1279 4057; x_wconf 71' lang='lat' dir='ltr'>consularem,</span> <span class='ocrx_word' id='word_1_351' title='bbox 1328 3999 1373 4046; x_wconf 84' lang='lat' dir='ltr'>si</span> <span class='ocrx_word' id='word_1_352' title='bbox 1415 3999 1467 4047; x_wconf 82' lang='lat' dir='ltr'>in</span> <span class='ocrx_word' id='word_1_353' title='bbox 1513 4014 1718 4060; x_wconf 79' lang='lat' dir='ltr'>campum</span> <span class='ocrx_word' id='word_1_354' title='bbox 1767 3998 2138 4056; x_wconf 71' lang='lat' dir='ltr'>descendissent,</span> <span class='ocrx_word' id='word_1_355' title='bbox 2185 3999 2445 4047; x_wconf 74' lang='lat' dir='ltr'>vindictam</span> <span class='ocrx_word' id='word_1_356' title='bbox 2479 3999 2696 4056; x_wconf 70' lang='lat' dir='ltr'>minatus</span> 
     </span>
     <span class='ocr_line' id='line_1_37' title="bbox 305 4079 2697 4146; baseline -0.002 -14"><span class='ocrx_word' id='word_1_357' title='bbox 305 4089 399 4142; x_wconf 90' lang='lat' dir='ltr'>est,</span> <span class='ocrx_word' id='word_1_358' title='bbox 453 4089 507 4133; x_wconf 86' lang='lat' dir='ltr'>et</span> <span class='ocrx_word' id='word_1_359' title='bbox 554 4083 815 4146; x_wconf 70' lang='lat' dir='ltr'>Eynatium</span> <span class='ocrx_word' id='word_1_360' title='bbox 832 4119 845 4132; x_wconf 96' lang='lat'>.</span> <span class='ocrx_word' id='word_1_361' title='bbox 869 4119 880 4130; x_wconf 95' lang='lat'>.</span> <span class='ocrx_word' id='word_1_362' title='bbox 901 4119 912 4129; x_wconf 90' lang='lat'>.</span> <span class='ocrx_word' id='word_1_363' title='bbox 942 4079 1223 4143; x_wconf 79' lang='lat' dir='ltr'>’sperantem</span> <span class='ocrx_word' id='word_1_364' title='bbox 1244 4115 1254 4127; x_wconf 92' lang='lat'>.</span> <span class='ocrx_word' id='word_1_365' title='bbox 1274 4117 1285 4128; x_wconf 95' lang='lat'>.</span> <span class='ocrx_word' id='word_1_366' title='bbox 1309 4115 1320 4126; x_wconf 94' lang='lat'>.</span> <span class='ocrx_word' id='word_1_367' title='bbox 1370 4082 1663 4128; x_wconf 74' lang='lat' dir='ltr'>consulatum</span> <span class='ocrx_word' id='word_1_368' title='bbox 1691 4084 1954 4143; x_wconf 81' lang='lat' dir='ltr'>praeturae</span> <span class='ocrx_word' id='word_1_369' title='bbox 1986 4096 2036 4129; x_wconf 86' lang='lat' dir='ltr'>sc</span> <span class='ocrx_word' id='word_1_370' title='bbox 2075 4080 2347 4128; x_wconf 70' lang='lat' dir='ltr'>iunctarum</span> <span class='ocrx_word' id='word_1_371' title='bbox 2374 4079 2697 4142; x_wconf 76' lang='lat' dir='ltr'>profiteri</span> 
     </span>
     <span class='ocr_line' id='line_1_38' title="bbox 305 4157 2698 4223; baseline -0.001 -10"><span class='ocrx_word' id='word_1_372' title='bbox 305 4165 553 4223; x_wconf 73' lang='lat' dir='ltr'>vetnit,</span> <span class='ocrx_word' id='word_1_373' title='bbox 598 4168 650 4212; x_wconf 89' lang='lat' dir='ltr'>et</span> <span class='ocrx_word' id='word_1_374' title='bbox 700 4178 823 4210; x_wconf 80' lang='lat' dir='ltr'>cum</span> <span class='ocrx_word' id='word_1_375' title='bbox 874 4162 949 4210; x_wconf 58' lang='lat' dir='ltr'>id&gt;</span> <span class='ocrx_word' id='word_1_376' title='bbox 984 4177 1099 4210; x_wconf 87' lang='lat' dir='ltr'>non</span> <span class='ocrx_word' id='word_1_377' title='bbox 1132 4162 1545 4220; x_wconf 75' lang='lat' dir='ltr'>obtinuisset,</span> <span class='ocrx_word' id='word_1_378' title='bbox 1581 4162 1763 4210; x_wconf 71' lang='lat' dir='ltr'>inravit</span> <span class='ocrx_word' id='word_1_379' title='bbox 1791 4199 1801 4209; x_wconf 93' lang='lat'>.</span> <span class='ocrx_word' id='word_1_380' title='bbox 1825 4198 1836 4210; x_wconf 94' lang='lat'>.</span> <span class='ocrx_word' id='word_1_381' title='bbox 1860 4199 1870 4209; x_wconf 92' lang='lat'>.</span> <span class='ocrx_word' id='word_1_382' title='bbox 1905 4177 1955 4210; x_wconf 89' lang='lat' dir='ltr'>se</span> <span class='ocrx_word' id='word_1_383' title='bbox 1988 4177 2090 4210; x_wconf 81' lang='lat' dir='ltr'>enm</span> <span class='ocrx_word' id='word_1_384' title='bbox 2125 4175 2216 4208; x_wconf 85' lang='lat' dir='ltr'>non</span> <span class='ocrx_word' id='word_1_385' title='bbox 2253 4157 2698 4210; x_wconf 78' lang='lat' dir='ltr'>renuntiaturum.&#39;&#39;</span> 
     </span>
     <span class='ocr_line' id='line_1_39' title="bbox 308 4241 2696 4307; baseline -0.003 -13"><span class='ocrx_word' id='word_1_386' title='bbox 308 4247 415 4294; x_wconf 86' lang='lat' dir='ltr'>Hoc</span> <span class='ocrx_word' id='word_1_387' title='bbox 450 4246 559 4295; x_wconf 89' lang='lat' dir='ltr'>loco</span> <span class='ocrx_word' id='word_1_388' title='bbox 593 4243 836 4292; x_wconf 68' lang='lat' dir='ltr'>candidati</span> <span class='ocrx_word' id='word_1_389' title='bbox 869 4243 1095 4292; x_wconf 86' lang='lat' dir='ltr'>dicuntur</span> <span class='ocrx_word' id='word_1_390' title='bbox 1126 4258 1449 4307; x_wconf 79' lang='lat' dir='ltr'>perseverasse</span> <span class='ocrx_word' id='word_1_391' title='bbox 1487 4245 1538 4291; x_wconf 86' lang='lat' dir='ltr'>ut</span> <span class='ocrx_word' id='word_1_392' title='bbox 1571 4244 1928 4306; x_wconf 84' lang='lat' dir='ltr'>profiterentur,</span> <span class='ocrx_word' id='word_1_393' title='bbox 1962 4241 2126 4290; x_wconf 86' lang='lat' dir='ltr'>consul</span> <span class='ocrx_word' id='word_1_394' title='bbox 2161 4241 2340 4290; x_wconf 87' lang='lat' dir='ltr'>dicitur</span> <span class='ocrx_word' id='word_1_395' title='bbox 2373 4245 2429 4290; x_wconf 91' lang='lat' dir='ltr'>ut</span> <span class='ocrx_word' id='word_1_396' title='bbox 2456 4257 2552 4289; x_wconf 91' lang='lat' dir='ltr'>non</span> <span class='ocrx_word' id='word_1_397' title='bbox 2582 4257 2696 4304; x_wconf 88' lang='lat' dir='ltr'>pro-</span> 
     </span>
     <span class='ocr_line' id='line_1_40' title="bbox 305 4321 2688 4386; baseline -0.003 -12"><span class='ocrx_word' id='word_1_398' title='bbox 305 4329 565 4375; x_wconf 83' lang='lat' dir='ltr'>fiterentur</span> <span class='ocrx_word' id='word_1_399' title='bbox 608 4339 707 4373; x_wconf 91' lang='lat' dir='ltr'>non</span> <span class='ocrx_word' id='word_1_400' title='bbox 757 4323 1030 4373; x_wconf 78' lang='lat' dir='ltr'>obtinuisse.</span> <span class='ocrx_word' id='word_1_401' title='bbox 1083 4325 1205 4374; x_wconf 87' lang='lat' dir='ltr'>Cum</span> <span class='ocrx_word' id='word_1_402' title='bbox 1250 4324 1326 4372; x_wconf 85' lang='lat' dir='ltr'>his</span> <span class='ocrx_word' id='word_1_403' title='bbox 1379 4322 1495 4371; x_wconf 89' lang='lat' dir='ltr'>locis</span> <span class='ocrx_word' id='word_1_404' title='bbox 1529 4323 1664 4371; x_wconf 86' lang='lat' dir='ltr'>nullo</span> <span class='ocrx_word' id='word_1_405' title='bbox 1697 4322 1837 4370; x_wconf 89' lang='lat' dir='ltr'>modo</span> <span class='ocrx_word' id='word_1_406' title='bbox 1872 4321 2121 4369; x_wconf 80' lang='lat' dir='ltr'>conciliari</span> <span class='ocrx_word' id='word_1_407' title='bbox 2156 4324 2314 4385; x_wconf 85' lang='lat' dir='ltr'>potest</span> <span class='ocrx_word' id='word_1_408' title='bbox 2348 4321 2512 4386; x_wconf 86' lang='lat' dir='ltr'>opinio</span> <span class='ocrx_word' id='word_1_409' title='bbox 2546 4321 2688 4369; x_wconf 87' lang='lat' dir='ltr'>hodie</span> 
     </span>
     <span class='ocr_line' id='line_1_41' title="bbox 308 4390 2694 4472; baseline -0.002 -16"><span class='ocrx_word' id='word_1_410' title='bbox 308 4407 596 4472; x_wconf 78' lang='lat' dir='ltr'>pervulgata</span> <span class='ocrx_word' id='word_1_411' title='bbox 631 4407 690 4455; x_wconf 85' lang='lat' dir='ltr'>de</span> <span class='ocrx_word' id='word_1_412' title='bbox 723 4406 908 4455; x_wconf 80' lang='lat' dir='ltr'>ratione</span> <span class='ocrx_word' id='word_1_413' title='bbox 939 4405 1271 4471; x_wconf 78' lang='lat' dir='ltr'>professionis,</span> <span class='ocrx_word' id='word_1_414' title='bbox 1308 4405 1364 4453; x_wconf 86' lang='lat' dir='ltr'>de</span> <span class='ocrx_word' id='word_1_415' title='bbox 1398 4420 1493 4468; x_wconf 81' lang='lat' dir='ltr'>qun</span> <span class='ocrx_word' id='word_1_416' title='bbox 1524 4390 1610 4453; x_wconf 78' lang='lat' dir='ltr'>cfr.</span> <span class='ocrx_word' id='word_1_417' title='bbox 1649 4404 1921 4451; x_wconf 80' lang='lat' dir='ltr'>Mommsen</span> <span class='ocrx_word' id='word_1_418' title='bbox 1953 4405 2153 4451; x_wconf 79' lang='lat' dir='ltr'>Stnatsr.</span> <span class='ocrx_word' id='word_1_419' title='bbox 2192 4404 2220 4451; x_wconf 88' lang='lat'>1</span> <span class='ocrx_word' id='word_1_420' title='bbox 2261 4417 2368 4466; x_wconf 77' lang='lat' dir='ltr'>pag.</span> <span class='ocrx_word' id='word_1_421' title='bbox 2399 4403 2495 4454; x_wconf 83' lang='lat'>471</span> <span class='ocrx_word' id='word_1_422' title='bbox 2516 4402 2622 4450; x_wconf 79' lang='lat' dir='ltr'>adn.</span> <span class='ocrx_word' id='word_1_423' title='bbox 2646 4403 2694 4452; x_wconf 93' lang='lat'>1.</span> 
     </span>
     <span class='ocr_line' id='line_1_42' title="bbox 304 4482 2693 4554; baseline -0.004 -15"><span class='ocrx_word' id='word_1_424' title='bbox 304 4490 457 4539; x_wconf 85' lang='lat' dir='ltr'>Locus</span> <span class='ocrx_word' id='word_1_425' title='bbox 489 4487 691 4538; x_wconf 80' lang='lat' dir='ltr'>Asconii</span> <span class='ocrx_word' id='word_1_426' title='bbox 724 4490 883 4538; x_wconf 76' lang='lat' dir='ltr'>antem</span> <span class='ocrx_word' id='word_1_427' title='bbox 916 4491 1041 4554; x_wconf 77' lang='lat' dir='ltr'>(pag.</span> <span class='ocrx_word' id='word_1_428' title='bbox 1080 4488 1195 4552; x_wconf 77' lang='lat'>89)=</span> <span class='ocrx_word' id='word_1_429' title='bbox 1236 4487 1497 4552; x_wconf 58' lang='lat' dir='ltr'>,professus</span> <span class='ocrx_word' id='word_1_430' title='bbox 1529 4485 1698 4536; x_wconf 71' lang='lat' dir='ltr'>deinde</span> <span class='ocrx_word' id='word_1_431' title='bbox 1729 4489 1802 4534; x_wconf 82' lang='lat' dir='ltr'>est</span> <span class='ocrx_word' id='word_1_432' title='bbox 1847 4482 2063 4534; x_wconf 78' lang='lat' dir='ltr'>Catilina</span> <span class='ocrx_word' id='word_1_433' title='bbox 2091 4489 2252 4547; x_wconf 77' lang='lat' dir='ltr'>petere</span> <span class='ocrx_word' id='word_1_434' title='bbox 2279 4499 2330 4533; x_wconf 83' lang='lat' dir='ltr'>se</span> <span class='ocrx_word' id='word_1_435' title='bbox 2357 4499 2496 4532; x_wconf 80' lang='lat' dir='ltr'>consu</span> <span class='ocrx_word' id='word_1_436' title='bbox 2505 4485 2659 4531; x_wconf 72' lang='lat' dir='ltr'>latum</span> <span class='ocrx_word' id='word_1_437' title='bbox 2673 4502 2693 4539; x_wconf 86' lang='lat'>,-</span> 
     </span>
    </p>
   </div>
  </div>
 </body>
</html>
