3351 5463
963 1028 1134 1119 AD
1202 1026 1878 1119 TACITUM.

1301 1247 1551 1289 sompsn·

1122 1415 1199 1481 E.
1248 1416 1323 1481 B.
1370 1413 1725 1481 KOSTER.

1224 1704 1612 1739 *m*-

326 1957 481 2023 Arm.
528 1958 644 2038 III,
696 1959 802 2024 28.
866 1959 942 2023 In
991 1959 1169 2023 brevi
1218 1958 1660 2022 dissertatione
1707 1959 1785 2022 de
1825 1957 2081 2044 legibus
2125 1963 2190 2024 et
2233 1961 2394 2023 iuris
2441 1961 2613 2043 prin-

252 2064 442 2147 cipiis,
502 2086 699 2149 quam
746 2064 1006 2130 Tacitus
1052 2068 1119 2127 in
1167 2062 1331 2129 libro
1378 2067 1567 2129 tertio
1614 2065 1946 2127 Annalium
1995 2063 2173 2150 (Gap.
2221 2064 2406 2128 XXV
2446 2070 2610 2149 sqq.)

248 2166 419 2233 habet
434 2218 449 2246 ,
494 2170 715 2235 relatis
762 2171 1084 2257 Lycurgi,
1133 2168 1387 2234 Solonis
1405 2217 1421 2245 ,
1471 2168 1724 2235 Numae
1747 2218 1763 2247 ,
1813 2169 1997 2235 Servi
2040 2170 2215 2234 Tulli
2251 2173 2572 2235 institutis
2590 2218 2606 2247 ,

248 2275 585 2341 tribuniciis
656 2276 979 2342 furoribus
998 2326 1014 2354 ,
1105 2275 1355 2353 Sullae,
1436 2275 1664 2360 Lepidi
1683 2326 1700 2353 ‚
1773 2274 1887 2342 On.
1951 2276 2254 2362 Pompei,
2325 2274 2610 2342 Caesaris

250 2380 508 2467 Augusti
553 2385 995 2469 rogationibus
1015 2431 1030 2459 ,
1081 2380 1197 2445 sub
1235 2382 1527 2446 medium
1569 2384 1796 2466 capitis
1840 2382 2118 2471 XXVIII
2155 2386 2250 2447 ita
2288 2382 2606 2467 procedit:

256 2487 535 2562 „Acriora
599 2509 679 2554 ex
733 2510 807 2553 eo
855 2486 1100 2564 vincla,
1149 2486 1344 2553 inditi
1389 2486 1718 2563 custodes,
1767 2492 1833 2551 et
1878 2486 2023 2572 lege
2069 2488 2272 2572 Papia
2316 2487 2612 2572 Poppaea

250 2596 494 2675 praemii
540 2593 823 2671 inducti,
874 2599 949 2657 ut
968 2640 983 2669 ,
1032 2595 1088 2656 si
1134 2613 1171 2656 a
1216 2591 1579 2677 privilegiis
1626 2597 1968 2676 parentum
2015 2597 2382 2669 cessaretur,
2431 2592 2612 2657 velut

253 2717 457 2782 parens
499 2701 795 2764 omnium
833 2696 1113 2784 populus
1149 2700 1441 2762 vacantia
1479 2696 1787 2762 teneret.'’
1836 2696 1911 2762 In
1951 2698 2183 2782 quibus
2218 2697 2610 2763 locutionem

252 2804 467 2867 acriora
525 2805 731 2867 vinela
791 2805 955 2868 mihi
1000 2804 1261 2888 probare
1312 2823 1576 2887 nequeo·
1627 2801 1953 2867 Adhibitis
1999 2803 2275 2868 aliorum
2317 2809 2614 2868 veterum

252 2911 613 2993 scriptorum
650 2911 1069 2985 testimoniis,
1112 2907 1327 2993 qualia
1364 2910 1774 2992 reperiuntur
1811 2911 1878 2972 in
1913 2906 2235 2974 Ciceronis
2268 2909 2326 2972 V
2318 2932 2433 2974 err.
2459 2909 2509 2987 1,
2541 2907 2611 2972 5:

254 3015 438 3090 „mihi
476 3015 716 3081 credite
737 3063 753 3092 ,
796 3015 1139 3079 artioribus
1178 3013 1349 3098 apud
1387 3013 1702 3100 populum
1749 3013 2112 3090 Romanum
2157 3014 2404 3099 laqueis
2448 3020 2617 3078 tene-

142 3123 149 3130 ’
250 3118 485 3201 bitur”;
535 3123 605 3184 in
655 3121 940 3184 eiusdem
988 3120 1151 3201 Epp.
1200 3121 1284 3182 ad
1326 3122 1454 3182 Att.
1497 3118 1603 3195 VI,
1646 3119 1707 3204 2,
1749 3122 1817 3182 in
1858 3123 2039 3184 cuius
2078 3119 2390 3205 epistulae
2427 3122 2615 3184 initio

252 3225 479 3288 scribit:
551 3225 887 3302 „Dixerim
950 3245 1055 3289 me
1116 3222 1222 3288 vel
1284 3223 1567 3309 plurima
1619 3225 1832 3290 vincla
1879 3231 2095 3290 tecum
2143 3246 2431 3290 summae
2479 3246 2618 3290 con-

255 3331 573 3395 iunctionis
644 3336 896 3415 optare,
938 3336 1033 3395 -et
1096 3335 1247 3412 sunt
1308 3333 1543 3396 amoris
1605 3331 2006 3408 artissima”;
2068 3333 2138 3395 in
2199 3331 2482 3395 Lucretii
2544 3332 2618 3393 de

256 3435 383 3498 Ber.
428 3437 581 3500 Nat.
630 3435 707 3514 V,
763 3434 972 3500 1146:
1027 3440 1291 3521 „sponte
1338 3456 1456 3500 sua
1493 3437 1721 3501 cecidit
1759 3438 1877 3502 sub
1916 3436 2096 3522 leges
2132 3443 2394 3520 artaque
2430 3435 2615 3500 iura'’

256 3545 387 3626 (quo
440 3542 583 3607 loco
631 3546 819 3626 poeta
837 3588 854 3618 ,
902 3546 979 3605 ut
1025 3539 1287 3605 Tacitus
1309 3590 1324 3618 ,
1376 3542 1452 3605 de
1498 3540 1754 3626 legibus
1800 3547 1864 3607 et
1909 3541 2345 3606 maleficorum
2395 3543 2621 3606 coerci-

256 3647 517 3711 tionibus
580 3649 780 3732 agit);
845 3649 913 3710 in
974 3645 1173 3710 Plinii
1191 3694 1207 3723 ,
1275 3644 1483 3710 Taciti
1528 3647 1812 3731 aequalis
1831 3695 1847 3724 ,
1897 3647 2064 3710 Hice.
2114 3647 2264 3709 Nat.
2314 3645 2488 3722 XVI,
2539 3644 2619 3709 4:

263 3752 551 3829 „Additae
590 3752 770 3838 leges
812 3757 1021 3817 arctae
1039 3800 1055 3829 ,
1098 3756 1165 3816 'et
1207 3751 1351 3815 ideo
1396 3754 1704 3836 superbae
1724 3752 1786 3830 ;’'
1835 3773 2215 3838 persuasum
2259 3752 2458 3816 habeo
2506 3749 2622 3815 Ta-

259 3861 439 3923 citum
500 3859 625 3923 hoc
688 3858 764 3922 de
812 3878 937 3941 quo
983 3861 1333 3920 tractamus
1377 3856 1516 3921 loco
1566 3860 1894 3942 scripsisse
1941 3858 2176 3920 artiora
2222 3859 2358 3921 sive
2405 3857 2622 3940 potius

259 3964 497 4027 arctiora
545 3963 769 4027 vinela.
816 3962 1050 4026 Noster
1093 3964 1231 4046 ipse
1274 3963 1342 4025 in
1391 3962 1690 4025 Hictoriis
1707 4011 1722 4040 ,
1770 3962 1884 4040 III,
1937 3962 2022 4028 69
2070 3961 2381 4028 vocabulo
2421 3968 2622 4024 arctus

258 4072 476 4134 utitur:
552 4070 791 4147 „misso
862 4089 975 4153 per
1034 4067 1331 4152 neglecta
1391 4068 1469 4131 ad
1527 4068 1868 4134 Flavianos
1929 4068 2119 4133 duces
2184 4070 2410 4131 nuntio
2429 4115 2445 4144 ,
2510 4069 2623 4151 qui

260 4175 691 4240 circumsederi
736 4177 913 4259 ipsos
960 4178 1058 4250 et,
1106 4176 1175 4237 ni
1221 4174 1690 4253 subveniretur,
1740 4179 1942 4240 arctas
1989 4195 2089 4238 res
2137 4173 2527 4237 nuntiaret.''
2561 4257 2566 4262 ⁸

338 4387 497 4452 Arm.
544 4383 661 4464 111,
713 4385 819 4452 30.
868 4383 943 4449 In
986 4386 1433 4450 enumerandis
1470 4384 1704 4452 studiis
1739 4389 2039 4472 vitaeque
2076 4387 2320 4452 ratione
2359 4383 2625 4450 Sallusti

263 4489 484 4578 Crispi,
548 4492 811 4558 Tacitus
873 4493 1029 4556 haec
1070 4490 1297 4556 habet:
1350 4492 1686 4570 „diversus
1735 4516 1772 4560 a
1817 4500 2116 4560 veterum
2160 4494 2463 4556 instituto
2512 4511 2625 4576 per

2309 4611 2340 4658 9
