3351 5463
685 361 816 430 188
1458 379 1934 430 mscmr'monns
1977 379 2280 429 mmmm.

685 570 781 614 vs.
830 549 1102 634 denique
1147 547 1234 614 28
1274 547 1459 614 tituli
1501 550 1704 614 nostri
1753 548 2222 625 „Bounevxzfic”
2276 569 2507 614 nomen
2551 523 2883 634 proprium
2931 570 3060 614 esse

684 676 928 720 novum
986 661 1051 719 et
1112 655 1481 720 inauditum
1497 704 1514 732 ,
1576 655 1751 739 quod
1812 654 1995 720 facile
2042 657 2467 720 summoveris
2512 658 2817 739 rescripta
2863 656 3062 721 forma

684 764 924 826 usitata
971 761 1439 838 ,,Βουλοιιιλῆς”.

1850 880 1911 945 3.

686 1075 691 1078 ,
775 1017 1128 1082 Phenikeh.
1178 1016 1394 1094 „Dans
1438 1016 1503 1081 la
1536 1018 1748 1081 meme
1787 1019 2036 1081 maison
2073 1037 2196 1101 (1116
2231 1015 2658 1101 l'inscription
2696 1016 3062 1102 precedente

686 1122 800 1200 (N0
846 1123 916 1200 2)
933 1143 949 1201 ;
998 1125 1371 1207 inscription
1415 1121 1801 1186 funeraire.”

774 1226 1334 1293 Durrbach—Radet
1382 1226 1551 1293 Bull.
1598 1224 1771 1291 Hell.
1821 1226 1887 1290 X
1939 1225 2133 1305 1886,
2184 1225 2338 1303 258,
2368 1224 2430 1290 3.

864 1381 1274 1451 Ἀπολλώνιος
1316 1382 1329 1468 Ι
1372 1381 1766 1458 Χαιρήμονος.
1808 1380 1822 1465 1
1867 1381 2194 1458 Χαρμύλος
2245 1382 2640 1458 Χαιρήμονος.

776 1531 1079 1596 Fratrum
1122 1534 1384 1596 nomina
1430 1529 1664 1595 titulus
1710 1551 1961 1616 quoque
2006 1529 2266 1595 exhibet
2310 1529 2371 1594 Ν
2375 1535 2400 1574 ⁰
2454 1530 2512 1609 1,
2561 1530 2615 1594 B
2667 1529 2751 1595 18
2801 1537 2867 1596 et
2913 1531 3017 1596 22.

1848 1711 1911 1779 4.

774 1849 1129 1916 Phenikeh.
1206 1848 1375 1927 „Sur
1433 1871 1522 1914 un
1583 1848 1728 1915 bloc
1748 1897 1765 1926 ,
1829 1850 1943 1932 qui
1988 1852 2086 1912 est
2135 1815 2416 1913 encastre
2465 1848 2620 1913 dans
2668 1847 2728 1913 16
2775 1853 3066 1913 montant

685 1956 853 2022 droit
898 1956 1090 2021 d'une
1137 1962 1318 2041 porte
1364 1957 1545 2020 basse
1591 1955 1782 2019 d'une
1829 1952 2114 2039 chapelle
2161 1975 2237 2018 en
2285 1953 2570 2018 ruines.’'

775 2060 1334 2127 Durrbach-Radet
1380 2060 1552 2124 Bull.
1600 2058 1777 2124 Hell.
1825 2058 1891 2122 X
1943 2057 2140 2136 1886,
2191 2057 2346 2136 258,
2373 2057 2436 2124 4

866 2211 1256 2283 ’Λπόλλωνος
1307 2221 1395 2275 Πε
1426 2258 1708 2276 .......

776 2363 1203 2449 Desperatum
1262 2362 1533 2427 titulum
1593 2384 1727 2428 esse
1788 2368 2150 2428 asseverant
2196 2361 2780 2427 Durrbach-Radet.
2848 2364 2938 2427 At
2982 2364 3073 2427 vi—

690 2470 879 2534 detur
948 2469 1541 2552 ,,Πε[δωγειτνύου]”
1604 2467 2033 2553 supplendum
2101 2489 2256 2533 esse.
2319 2465 2723 2554 Cognomina
2785 2466 3073 2552 Apollini

684 2575 919 2641 Rhodii
985 2574 1354 2640 indiderunt
1425 2573 1772 2657 Βαδρομίῳ,
1848 2575 2099 2652 Λαιλίῳ,
2174 2575 2494 2650 ’Τακινθίῳ
2563 2573 2668 2652 (cf.
2743 2572 2943 2636 Index
2992 2572 3070 2636 ad

687 2679 759 2749 O.
785 2681 837 2746 I.
862 2681 936 2747 R.
987 2703 1049 2766 p.
1100 2679 1233 2746 234
1281 2678 1417 2748 061.
1464 2679 1564 2760 Β).
1614 2679 1740 2760 Qui
1775 2680 2002 2765 quidni
2041 2701 2118 2745 ex
2157 2681 2422 2745 caeteris
2459 2699 2708 2764 quoque
2747 2681 3070 2744 mensium

684 2787 1053 2851 nominibus
1116 2788 1495 2872 cognomina
1557 2786 1671 2850 deo
1735 2782 2170 2872 sumpserint?
2233 2783 2630 2852 Crediderim
2692 2783 3071 2849 Ἀπόλλωνα.

688 2891 1136 2969 Πεδαγείτνυον
1196 2894 1264 2955 in
1326 2912 1400 2956 ea
1450 2890 1663 2956 insula
1708 2894 1776 2955 in
1823 2891 2059 2957 honore
2105 2890 2302 2955 fuisse
2319 2912 2336 2967 3
2385 2911 2574 2975 quem
2628 2891 2822 2954 deum
2872 2894 3070 2955 etiam

687 2998 1027 3081 scriptores
1085 2995 1352 3061 laudant
1412 2996 1861 3082 (Harpocratio
1923 3004 1988 3062 et
2049 2994 2278 3061 Suidas
2339 3017 2389 3060 s.
2433 3017 2497 3061 v.
2547 2998 3068 3074 Μεταγειτνιών).

1850 3177 1912 3243 5.

774 3284 1131 3352 Phenikeh.
1178 3284 1508 3374 Elogium.

772 3390 1332 3477 Durrbach-Radet
1376 3390 1548 3457 Bull.
1597 3387 1775 3455 Η611.
1820 3389 1886 3453 X
1937 3388 2132 3466 1886,
2186 3386 2342 3455 247.

863 3550 1236 3624 Ἥλοκραρης
1286 3546 1427 3623 (sic)
1467 3544 1480 3630 1
1519 3542 1839 3619 Εὖάνορος.

1847 3709 1909 3775 6.

776 3846 1130 3914 Phenikeh.
1182 3846 1398 3926 „Dans
1440 3846 1504 3912 la
1544 3847 1757 3913 meme
1803 3844 2086 3932 chapelle
2131 3852 2283 3931 (que
2330 3846 2390 3912 le
2429 3846 2519 3912 N⁰
2560 3846 2663 3929 4);
2715 3846 2857 3912 bloc
2905 3866 3075 3911 sem-

682 3953 894 4037 blable
943 3975 1026 4019 au
1070 3952 1407 4041 precedent
1449 3952 1605 4032 (Tit.
1653 3955 1743 4019 Νο
1791 3952 1926 4034 4).”

774 4060 1332 4127 Durrbach—Radet
1377 4058 1552 4125 Bull.
1601 4057 1777 4123 Hell.
1824 4057 1890 4121 X
1942 4056 2138 4136 1886,
2188 4057 2342 4136 258,
2372 4058 2433 4123 5.

866 4211 1207 4283 ’Bascauda

777 4360 1339 4429 Durrbach-Radet
1402 4360 1632 4427 collato
1693 4358 1887 4425 titulo
1946 4360 2008 4426 N
2009 4366 2035 4406 ⁰
2106 4360 2149 4424 4
2210 4359 2523 4426 Iunonem
2581 4360 2898 4426 Lucinam
2946 4360 3074 4428 hoc

684 4467 825 4536 loco
884 4468 1113 4554 respici
1174 4467 1459 4534 scribunt
1476 4516 1493 4546 ‚
1559 4469 1666 4533 cui
1727 4466 2093 4533 dedicatum
2147 4467 2490 4533 donarium.
2533 4467 2857 4553 quoddam
2905 4489 3075 4535 esse.

1110 5131 2351 5431 A*
