3351 5463
1338 381 1728 437 Ausournu‘s.
2593 368 2721 437 141

329 569 559 634 rosque
626 552 802 617 viros
871 550 1083 617 doctos
1144 549 1344 615 latere
1397 550 1671 629 videtur,
1741 572 1884 617 nam
1954 551 2030 617 de
2096 552 2455 638 corruptela
2511 552 2726 619 silent.

327 653 769 741 Suspicionem
828 661 1051 723 movet
1097 654 1483 723 vocabulum
1531 654 1732 721 σκιάν.
1781 656 1974 723 Recte
2022 657 2148 723 dici
2193 664 2408 743 potest
2453 660 2713 739 Φυλλὰς

332 760 748 840 ὑπερτείνασα
812 762 1006 838 δόμων
1068 765 1231 842 (sive
1292 764 1553 827 τείνασα
1616 762 1764 843 ὑπὲρ
1827 762 2052 845 δόμων)
2111 763 2315 843 σκιάν,
2377 786 2502 829 non
2563 768 2724 831 item

334 866 747 947 ὑπερτείνασα
814 869 1031 946 σειρίου
1096 865 1291 939 κυνός.
1350 866 1557 933 Verba
1604 868 1822 948 σειρίου
1873 867 2046 939 κυνός
2093 868 2366 955 pendere
2412 869 2642 934 debent
2689 890 2726 935 a

332 971 535 1050 σκιάν,
586 971 797 1039 veluti
842 972 1021 1038 σκιὰν
1071 973 1285 1051 σειρίου
1334 971 1506 1045 κυνός
1542 972 1792 1039 dictum
1831 975 1917 1039 sit
1955 994 2070 1058 pro
2113 974 2291 1038 σκιὰν
2329 975 2466 1039 ἀντὶ
2509 976 2725 1054 σειρίου

331 1076 507 1149 κυνός
528 1125 545 1155 ,
598 1099 725 1163 quo
772 1078 938 1143 nihil
983 1080 1290 1163 ineptius.

422 1182 495 1247 Si
537 1184 695 1268 quid
744 1184 966 1261 video,
1016 1204 1131 1270 pro
1180 1182 1362 1249 σκιαν
1411 1185 1934 1249 substituendum
1981 1186 2105 1248 erit
2152 1185 2402 1257 σκέπην.
2467 1184 2722 1251 Dicitur

326 1286 527 1361 σκέπη
594 1288 874 1366 αἰνέμοιο,
938 1289 1139 1362 σκέπη
1203 1294 1307 1353 τοῦ
1374 1288 1580 1367 νότου,
1644 1296 1753 1355 τοῦ
1805 1289 2110 1367 κινδύνου,
2161 1296 2268 1355 τοῦ
2317 1292 2559 1370 κρύους,
2611 1299 2718 1357 τοῦ

326 1392 641 1471 πολέμου,
694 1399 802 1457 τοῦ
852 1395 1165 1472 θάλπους,
1213 1396 1307 1459 ita
1354 1397 1599 1480 optime
1644 1416 1712 1459 se
1755 1394 1948 1459 habet
1996 1396 2226 1471 σκέπην
2268 1398 2482 1476 σειρίου
2523 1397 2718 1469 κυνός.

323 1496 451 1561 Vix
508 1499 734 1564 dubito
797 1502 956 1584 quin
1020 1521 1055 1564 e
1115 1499 1331 1585 glossa
1378 1500 1653 1584 quadam
1699 1521 1832 1567 vox
1880 1501 2060 1564 σκιάν
2106 1522 2222 1587 pro
2270 1502 2567 1589 legitimo
2615 1526 2724 1572 vo-

316 1603 547 1669 cabulo
595 1604 833 1679 σκέπην
873 1608 1221 1689 irrepserit.
1801 1674 1804 1677 ,
2695 1634 2700 1639 ·
2793 1602 2799 1607 ’

418 1708 703 1775 Verbum
752 1709 982 1801 σκέπην
1029 1709 1223 1777 debeo
1272 1710 1519 1775 Keckio
1536 1758 1553 1787 ,
1603 1713 1716 1795 qui
1764 1714 2007 1796 optime
2055 1712 2131 1777 de
2169 1714 2289 1778 hoc
2325 1713 2466 1779 loco
2508 1715 2722 1801 dispu-

326 1817 518 1893 tavit,
562 1815 673 1881 sed
712 1816 891 1881 σκιαν
918 1817 1341 1895 ,ὑπερτείνασα
1391 1819 1606 1893 σειρίου
1649 1816 1882 1889 σκέπην
1921 1821 2193 1903 scripsit.
2237 1819 2556 1905 Equidem
2594 1843 2720 1888 non

325 1921 513 1985 credo
590 1921 763 1995 κυνός
832 1923 1152 1988 abundare
1220 1928 1284 1988 et
1352 1944 1567 1989 meam
1628 1922 1968 1989 lectionem
2031 1925 2262 1999 σκέπην
2311 1927 2718 2006 ὑπερτείνασα

323 2028 546 2106 σειρίου
597 2027 771 2100 κυνός
788 2076 804 2105 ,
854 2032 931 2093 ut
974 2028 1431 2113 simpliciorem
1450 2077 1467 2107 ‚
1516 2032 1611 2094 ita
1655 2028 1998 2095 meliorem.
2033 2032 2362 2097 existimo.

416 2239 653 2325 Agam.
707 2238 905 2307 1323.
952 2239 1411 2323 (1322-Wk1.)

1504 2346 1673 2420 ἡλίου
1701 2345 1754 2428 1)
1801 2347 1852 2411 δ’
1904 2347 2258 2429 ἐπεύχομαι

788 2451 935 2530 πρὸς
984 2448 1243 2517 ὕστατον
1292 2459 1428 2533 Φῶς
1472 2462 1601 2524 τοῖς
1649 2454 1819 2529 ἐμοῖς
1848 2456 2182 2533 ’τιμαόροις

789 2558 1024 2637 ἐχθροῖς
1071 2562 1323 2639 φονεῦσι
1373 2567 1501 2630 τοῖς
1551 2560 1720 2635 ἐμοῖς
1768 2560 1947 2623 τίνειν
1997 2562 2145 2638 ὁμοῦ

788 2664 1007 2736 δούλης
1058 2665 1351 2740 θανούσης
1400 2668 1708 2745 εὐμαροῦς
1759 2669 2170 2748 χειρώματος.
2469 2747 2480 2758 ·

320 2769 574 2834 Locum
620 2773 905 2856 graviter
948 2771 1235 2837 laborare
1280 2793 1469 2837 nemo
1516 2794 1641 2838 non
1691 2773 1867 2838 videt
1884 2795 1900 2851 ;
1944 2775 2139 2842 verba
2180 2775 2414 2854 ἐχθροῖς
2445 2777 2713 2853 ὁμοῦ

321 2881 591 2942 omnino
637 2876 931 2964 intellegi
972 2885 1315 2964 nequeunt.
1359 2876 1681 2945 Medicina
1720 2900 1757 2945 a
1795 2879 2026 2946 multis
2061 2885 2339 2958 tentata;
2382 2881 2715 2948 Wecklein

316 2985 385 3046 in
457 2984 910 3068 „Appendice”
970 2984 1271 3050 editionis
1318 3007 1468 3050 suae
1487 3034 1503 3063 ,
1555 2988 1993 3063 „coniecturas
2042 2988 2334 3052 virorum
2380 2986 2715 3054 doctorum

320 3091 547 3154 minus
610 3094 811 3154 certas
872 3076 1275 3154 continente''
1341 3090 1766 3176 quadraginta
1828 3093 2079 3156 circiter
2127 3094 2519 3158 coniecturas
2567 3115 2714 3158 enu-

320 3199 571 3271 merat,
622 3215 657 3258 e
703 3215 976 3279 quarum
1024 3217 1290 3262 numero
1334 3195 1517 3260 nulla
1560 3194 1792 3280 placet.
1840 3196 1973 3260 Nec
2021 3204 2238 3261 tamen
2284 3196 2360 3261 de
2396 3198 2712 3264 medicina

318 3320 583 3384 prorsus
632 3300 1095 3383 desperandum
1112 3349 1129 3378 ,
1188 3323 1391 3386 quum
1437 3305 1505 3365 in
1552 3306 1733 3366 tanta
1779 3300 2052 3386 caligine
2102 3303 2222 3367 hoc
2269 3301 2498 3368 saltem
2545 3302 2710 3369 clare

313 3408 677 3490 perspicere
716 3408 1063 3490 possimus,
1106 3407 1259 3492 quid
1300 3405 1618 3474 Casandro.
1657 3406 1901 3477 ultores
1927 3429 2076 3473 suos
2100 3414 2304 3493 roget.
2343 3407 2707 3476 Videamus.

318 3509 511 3577 Certo
560 3514 709 3588 scit,
760 3511 1052 3578 Orestem
1100 3516 1301 3599 patris
1349 3501 1626 3579 mortem
1648 3507 1653 3513 ’
1672 3513 1891 3578 ultum
1935 3515 2030 3578 ire
2076 3513 2342 3595 (1280):

589 3624 599 3629 ’
782 3615 907 3692 ἥξει
956 3620 1080 3697 γὰρ
1130 3622 1299 3695 ἡμῶν
1346 3619 1543 3691 ἄλλος
1591 3616 1671 3684 αὖ
1720 3619 2044 3700 τιμαορος,
2113 3655 2122 3660 ·
2233 3658 2240 3662 -

779 3722 1177 3804 μητροκτόνον
1224 3726 1517 3806 φίτυμα,
1569 3725 1867 3805 ποινάτωρ
1917 3724 2181 3803 πατρός·

311 3833 517 3894 restat
580 3832 658 3892 ut
719 3849 825 3893 ore
846 3862 853 3866 ·
872 3851 1169 3915 supremo
1220 3833 1521 3896 miseram
1567 3837 1846 3898 mortem
1864 3881 1879 3910 ‚
1929 3832 2098 3896 diras
2145 3847 2376 3916 poenas
2419 3829 2706 3896 interfec—

206 3961 227 3976 ·
310 3936 566 4006 toribus
630 3937 765 4000 suis
825 3938 1233 4021 imprecetur.
1306 3937 1469 4004 Eam
1516 3959 1739 4004 revera
1783 3938 1852 4002 id
1899 3939 2102 4004 facere
2147 3937 2368 4024 colligi
2413 3943 2626 4025 potest
2663 3955 2710 4004 'e

308 4061 545 4108 versu:

722 4203 727 4206 .
777 4147 994 4222 δούλης
1042 4149 1337 4224 θανούσης
1386 4151 1690 4228 εὐμαροῦς
1741 4150 2162 4232 χειρώματος·

303 4253 550 4339 quibus
626 4253 840 4318 verbis
904 4255 1241 4320 manifesto
1311 4258 1603 4340 queritur
1667 4256 1746 4320 de
1808 4261 2014 4320 morte
2031 4277 2074 4333 ,⁴
2116 4256 2222 4320 de·
2254 4275 2404 4321 nece
2450 4259 2664 4341 potius
2682 4301 2700 4335 ,

374 4484 435 4548 1)
470 4480 619 4538 ἡλίου
656 4480 854 4542 Jacobs,
888 4479 1011 4545 ἡλίῳ
1046 4482 1176 4532 libri.
