3351 5463
679 362 814 436 422
1371 389 1460 436 nn
1503 387 1841 467 mamm
1885 386 2351 437 ιιοιιιιιιιοοιιιιιι

1571 472 1620 511 ‘0

680 555 870 630 viris,
935 554 1003 617 in
1064 572 1339 637 quorum
1400 574 1668 638 numero
1728 554 1924 617 fuerit
1984 555 2047 617 et
2107 551 2462 636 Zenodotus
2510 554 2573 617 et
2621 554 3047 629 Aristarchus,

681 661 934 723 omissis
996 661 1222 724 ceteris
1283 662 1478 746 nugis
1542 660 1779 723 habent
1837 657 2225 723 Heliodorus
2258 657 2303 738 ¹)
2363 665 2427 723 et
2475 658 2731 724 Tzetzes
2766 660 2929 744 ipse
2985 660 3050 721 in

678 764 954 850 Exegesi
1012 763 1232 828 Iliadis
1258 766 1310 845 2)
1375 770 1440 828 et
1475 763 1885 848 .Eustathius
1930 766 1997 827 in
2046 766 2521 829 commentariis
2568 764 2648 829 ad
2691 763 2961 830 Iliadem
2984 761 3052 841 3).

682 870 1014 934 Postremo
1095 889 1454 956 anonymus
1541 871 1652 955 qui
1734 871 1987 954 scripsit
2058 869 2191 947 περὶ
2264 868 2584 949 κωμῳδίαις
2609 869 2661 951 4)
2731 868 3054 935 Heliodori

683 979 1041 1041 ceterorum
1103 981 1461 1040 commenta
1522 977 1839 1060 corrigere
1900 974 2026 1038 sibi
2087 973 2347 1039 videtur
2401 996 2550 1040 cum
2597 982 2815 1053 narrat
2859 994 3057 1061 gram-

685 1082 1070 1145 maticorum
1130 1080 1376 1145 LXXII
1439 1081 1551 1164 qui
1612 1082 1896 1144 carmina
1954 1078 2299 1144 Homerica
2344 1080 2739 1145 ordinassent
2784 1079 3057 1145 laborem

679 1188 863 1249 iussu
902 1183 1224 1249 Pisistrati
1257 1188 1699 1272 recognovisse
1723 1184 2117 1251 Zenodotum
2142 1185 2486 1269 quemdam
2509 1193 2573 1251 et
2595 1185 3056 1260 Aristarchum,

685 1289 1068 1354 diversos
1151 1291 1244 1355 ab
1333 1293 1450 1355 eis
1537 1293 1650 1375 qui
1734 1289 2249 1354 Ptolemaeorum
2318 1292 2717 1389 temporibus
2794 1288 3060 1354 similem

683 1396 1076 1479 susceperint
1138 1415 1359 1468 curam
1383 1398 1458 1475 ⁵).
1522 1394 1644 1460 Sed
1692 1394 1855 1472 alii,
1888 1397 1982 1461 ita
2027 1397 2244 1481 pergit
2288 1402 2521 1473 noster,
2571 1396 3061 1461 Homericorum

683 1502 1111 1565 recensionem
1170 1500 1466 1564 tribuunt
1506 1506 1785 1585 quatuor
1820 1499 2146 1564 Pisistrati
2192 1500 2597 1585 aequalibus3
2648 1499 2879 1566 deinde
2924 1520 3062 1565 enu-

686 1610 892 1669 merat
937 1604 1192 1669 eosdem
1237 1608 1350 1689 qui
1395 1605 1566 1690 apud
1611 1604 1905 1671 Tzetzam
1953 1608 2021 1670 in
2066 1605 2537 1692 prolegomenis
2584 1605 2665 1671 ad
2703 1605 3061 1689 Aristopha-

684 1731 833 1775 nem
880 1714 946 1773 et
991 1700 1058 1772 in
1108 1709 1346 1774 scholio
1395 1708 1698 1775 Plautino
1744 1716 2325 1775 commemorantur
2349 1716 2420 1792 ⁸).

603 1810 612 1816 ’
779 1814 1135 1880 Observatu
1177 1814 1449 1901 dig-num
1487 1820 1584 1881 est
1625 1818 1795 1880 inter
1828 1817 2043 1881 omnia
2078 1815 2192 1880 illa
2217 1816 2292 1881 de
2316 1815 2691 1881 Pisistratea
2714 1782 3063 1883 recensione

683 1922 1054 1987 testimonia
1094 1942 1301 1985 unum
1340 1922 1530 1987 modo
1568 1942 1704 1986 esse
1743 1921 1934 2006 idque
1974 1925 2489 1987 recentissimum
2528 1944 2653 2007 quo
2692 1923 3061 1987 Pisistratus

682 2012 974 2091 tra'datur
1033 2027 1282 2111 primus
1341 2025 1576 2111 litteris
1621 2029 2025 2112 consignasse
2069 2026 2339 2091 Homeri
2385 2030 2666 2092 carmina
2686 2075 2700 2103 ,
2753 2024 3060 2091 scholium

683 2129 834 2197 volo
898 2130 978 2194 ad
1036 2130 1423 2217 Dionysium
1486 2130 1797 2196 Thracem
1862 2132 1939 2196 de
1985 2152 2110 2215 quo
2156 2134 2264 2218 egi
2311 2152 2503 2217 supra
2550 2153 2611 2217 p.
2663 2131 2817 2197 421.
2888 2126 3061 2209 Quod

754 2436 810 2501 1)
843 2437 984 2501 Apud
1019 2436 1236 2486 Tzetzam
1269 2436 1320 2486 in
1355 2435 1538 2501 proleg.
1576 2436 1633 2485 ad
1668 2435 1817 2485 Arist.
1857 2436 1969 2486 Keil
2002 2436 2175 2487 Rhein.
2212 2438 2341 2487 Mne.
2380 2438 2511 2487 1848
2546 2454 2593 2502 Ρ.
2634 2437 2748 2497 116,
2780 2452 2827 2501 Ρ.
2869 2434 2979 2483 118.

755 2519 812 2581 2)
845 2534 893 2583 Ρ.
928 2518 1027 2571 772
1062 2518 1353 2568 Bachmann.
1394 2546 1454 2555 —
1491 2518 1769 2568 Tenendum
1803 2522 1875 2568 eat
1907 2520 2141 2579 Tzetzam,
2177 2535 2287 2568 cum
2316 2519 2501 2568 iuvenis
2531 2519 2854 2568 Heliodorum
2881 2517 3058 2564 secutus

684 2602 821 2658 esset,
852 2602 1016 2663 postea
1044 2599 1211 2649 multis
1237 2614 1346 2648 cum
1375 2599 1426 2648 in
1457 2615 1569 2649 eum
1595 2599 1823 2650 conviciis
1850 2600 2094 2650 transiisse
2124 2601 2184 2649 ad
2212 2600 2498 2649 sententiam
2527 2598 2843 2663 Cordylionis,
2861 2596 2918 2646 ct.
2940 2592 3056 2643 Keil.

685 2680 754 2734 1.1.
792 2698 840 2748 p.
878 2680 990 2741 116,
1030 2698 1076 2747 Ρ.
1116 2682 1226 2730 118.

757 2766 808 2824 3)
842 2781 891 2829 p.
929 2765 974 2814 5.

751 2848 810 2908 4)
843 2846 965 2895 Vide
1000 2858 1146 2912 supra
1178 2862 1226 2910 p.
1261 2845 1360 2894 420
1395 2845 1446 2895 in
1481 2861 1591 2896 ann.
1627 2849 1675 2896 4.

753 2929 806 2988 ὅ)
840 2927 981 2992 Apud
1016 2927 1175 2976 Cram.
1211 2927 1443 2976 Anecdot.
1480 2926 1633 2976 Paris.
1662 2929 1690 2976 1
1717 2943 1765 2991 Ρ.
1796 2928 1845 2977 6.
1879 2955 1943 2965 -
1981 2928 2148 2978 Minus
2178 2933 2305 2982 reete
2336 2929 2447 2980 Keil
2476 2929 2547 2980 1.1.
2574 2946 2621 2994 Ρ.
2655 2929 2751 2979 125
2786 2917 3061 2976 ‚Heliodori

684 3011 743 3059 de
781 3009 998 3058 Homero
1033 3013 1177 3071 atque
1215 3008 1466 3058 Pisistrato
1501 3008 1708 3073 ineptias
1742 3010 1913 3073 quibus
1948 3015 2089 3060 antea
2121 3027 2170 3060 se
2206 3011 2256 3060 in
2291 3027 2505 3062 errorem
2539 3011 2790 3060 inductum
2823 3020 2920 3056 esse
2952 3003 3061 3052 fato·

683 3094 767 3140 tur
802 3089 882 3142 hic
918 3093 1147 3154 tanquam
1183 3103 1296 3140 vera
1329 3093 1528 3139 narrata
1561 3105 1660 3138 ease
1696 3089 1959 3141 videmus”.

750 3173 812 3242 6)
863 3172 962 3221 ,Οἱ
1006 3169 1060 3220 δὲ
1106 3170 1363 3233 τέσσαρσί
1399 3187 1505 3220 τισι
1550 3176 1648 3220 τῶν
1696 3169 1781 3220 ἐπὶ
1826 3173 2201 3236 Πεισιστράτου
2246 3173 2492 3236 διόρθωσιν
2526 3171 2866 3236 ἀναφέρουσιν,
2901 3161 3064 3262 '0905‘

687 3251 1031 3317 Κροτωνιάτῃ,
1074 3251 1282 3315 Ζωπύρῳ
1331 3251 1680 3317 *Ηρακλεῶτῃ,
1730 3254 2067 3317 Ὀνομακρίτῳ
2115 3255 2349 3317 Ἀθηναίῳ
2397 3254 2483 3305 και
2524 3271 2630 3318 κων
2662 3250 2748 3303 ἔπι
2781 3241 3061 3312 noywhflffi

693 3336 880 3386 Vitium
915 3337 1040 3399 quod
1075 3336 1180 3396 hic,
1215 3339 1270 3384 ιι1
1301 3337 1430 3401 apud
1464 3336 1707 3396 Tzetzam,
1747 3336 1797 3385 in
1833 3336 2025 3386 nomine
2060 3338 2224 3401 quarti
2256 3337 2473 3388 cernitur
2506 3332 2833 3401 grammatici,
2867 3329 2945 3378 vix
2975 3325 3045 3389 ips

687 3418 914 3483 scriptori
961 3421 1126 3466 nostro
1171 3417 1508 3482 imputandum
1558 3419 1766 3478 videtur,
1811 3418 1895 3482 qui
1930 3418 2064 3468 haud
2111 3418 2253 3469 dubie
2295 3419 2485 3484 scripsit
2531 3409 2936 3478 Ἐπιγκογκῦλφ,
2986 3405 3062 3454 8θᾶ

688 3499 800 3550 inde
831 3499 1088 3549 oriundum
1119 3498 1311 3550 videtur
1340 3500 1465 3563 quod
1501 3498 1721 3556 librarii,
1754 3499 1942 3562 idque
1926 3515 2031 3548 mre
2067 3501 2250 3558 hercle,
2288 3516 2385 3549 non
2416 3498 2726 3563 agnoscebant
2759 3506 2929 3544 nomen
2962 3501 3064 3552 pro·

686 3580 866 3645 prium.
915 3586 1030 3642 Καγ
1073 3581 1200 3643 quod
1248 3580 1489 3644 praecedit
1535 3581 1659 3630 nihil
1707 3581 1837 3630 aliud
1884 3596 1983 3630 esse
2027 3582 2219 3631 videtur
2261 3597 2406 3647 quam
2438 3580 2616 3645 syllaba
2645 3577 2804 3644 prima
2836 3569 2959 3622 vecie
2991 3581 3063 3614 κο·

689 3660 896 3724 wedam,
929 3677 1073 3726 quam
1107 3661 1335 3712 librarius
1373 3677 1520 3726 pravo
1557 3662 1661 3711 loco
1698 3665 1747 3710 et
1780 3662 1952 3712 vitione
1988 3662 2262 3712 incohatam
2304 3663 2517 3712 oblinere
2562 3677 2655 3710 non
2701 3653 2912 3710 curavit,
2955 3645 3063 3697 satis

687 3742 864 3792 habena
896 3743 1042 3807 (quod
1077 3746 1285 3792 testatur
1311 3743 1438 3808 apud
1469 3744 1755 3794 Cramerum
1784 3745 1916 3793 Hace
1945 3760 1986 3794 v.
2008 3745 2093 3805 d.,)
2121 3745 2397 3794 asteriscum
2427 3744 2472 3792 ei
2502 3755 2753 3808 apponere.
2784 3740 2855 3785 De
2882 3728 3063 3782 nomine

688 3824 988 3874 Athenodori
1034 3823 1337 3889 Cordylionia
1384 3827 1551 3874 nostro
1596 3824 1701 3874 loco
1748 3825 1799 3874 iu
1844 3826 2061 3889 margine
2106 3825 2347 3890 adscripto
2392 3824 2597 3874 vidimus
2629 3835 2775 3886 supra
2804 3833 2854 3882 Ρ.
2887 3812 2983 3861 420
3014 3821 3061 3856 ¹¹¹

688 3921 798 3955 ann.
845 3908 906 3965 43
953 3908 1103 3954 restat
1150 3913 1202 3954 ut
1245 3920 1548 3965 moneamus,
1585 3906 1712 3970 quod
1745 3907 1985 3956 detectum
2018 3907 2083 3956 sit
2118 3908 2208 3957 hoc
2244 3922 2445 3967 nomen,
2480 3905 2639 3955 deheri
2671 3903 2723 3951 id
2754 3898 2895 3948 acuto
2928 3885 3062 3941 Ηῦἰί

688 3986 908 4051 ingenio,
947 4003 1055 4036 cum
1087 3986 1230 4036 lectio
1265 3987 1336 4036 ita
1371 3990 1492 4037 esset
1527 3988 1699 4038 vitiata
1733 3992 1788 4037 ut
1820 3991 2117 4054 super-ment
2150 3992 2343 4038 tantum
2378 3988 2493 4037 haec

1359 4066 1543 4131 νοδωρω
2061 4066 2363 4132 Ἀθηνοδώρῳ

1360 4160 1556 4212 ληνκορ,
1592 4152 1715 4201 unde
1748 4151 1835 4201 ille
1864 4151 2021 4202 effecit
2054 4148 2261 4208 ὶπίκλην
2296 4167 2393 4212 κορ.

1362 4242 1496 4282 λιοινι
2056 4230 2255 4282 δνλιωνι

763 4315 854 4365 Sed
897 4315 949 4364 in
982 4316 1072 4365 hoc
1105 4314 1287 4365 erravit
1320 4313 1452 4365 Hace
1486 4315 1612 4378 quod
1646 4315 1833 4364 censuit
1865 4315 2033 4375 illum,
2067 4315 2151 4380 qui
2184 4313 2482 4364 Athenodori
2514 4325 2688 4362 nomen
2720 4293 3058 4372 adsenpssimt

695 4413 804 4447 enm
849 4380 1011 4446 haberi
1057 4396 1265 4446 voluisse
1306 4396 1358 4446 in
1403 4411 1604 4446 numero
1650 4395 1866 4447 virorum
1912 4396 2332 4454 Pisistrateorum‚
2376 4393 2513 4444 unice
2545 4387 2802 4443 verisimile
2835 4393 2941 4430 cum
2973 4373 3055 4426 εἰ*

693 4480 819 4546 qnod
852 4478 976 4527 vidit
1011 4479 1208 4529 Cramer
1242 4477 1336 4542 (1..1
1370 4495 1416 4543 Ρ.
1449 4478 1553 4540 16),
1581 4494 1692 4528 eum
1721 4479 1987 4542 significare
2015 4479 2250 4542 originem
2286 4476 2486 4527 notitiae
2518 4475 2578 4525 de
2610 4471 2729 4524 viris
2760 4452 3055 4517 Ρίωῒηῗω·

2385 4730 2396 4739 ¹
2453 4732 2478 4761 4
