3351 5463
1254 335 1750 383 Ams'rormns'.
2561 317 2689 386 271

416 502 525 568 Vs.
574 500 723 568 330.

412 606 598 674 Chor.
644 609 750 672 οὐκ
796 605 871 673 ἂν
921 607 1497 694 ὃμχησοοίροεθξ
1544 603 1712 684 εἴπερ
1763 603 2352 688 ὠφελήσαιμέν
2399 606 2464 671 σι’
2509 631 2603 672 σε.

318 713 393 778 Ι11
452 715 587 778 hac·
630 715 945 778 sententia
1006 733 1157 778 cum
1204 712 1546 798 Blaydesio
1595 711 1823 776 malim
1870 713 2293 792 ὧΦελήο-ομεν,
2343 714 2493 796 quia
2540 734 2692 778 vero

315 820 383 882 in
428 821 660 904 protasi
712 839 901 904 aegre
948 817 1339 883 desideratur
1383 815 1613 882 vocula
1662 815 1790 894 ἔτι,
1840 816 1986 882 vide
2033 837 2111 882 an
2157 824 2467 901 praestet:

635 925 738 988 οὐκ
788 921 865 988 ἂν
910 922 1373 1002 ὃρχοίμε,σθ’
1425 920 1548 1000 ἔτ’,
1600 919 1769 1001 εἴπερ
1820 922 2356 1002 ὥφελήσομέν
2401 924 2466 988 τί
2512 947 2603 989 σε.

408 1141 517 1206 Vs.
568 1138 721 1206 364.

404 1246 605 1314 Mero·
654 1242 1119 1325 ἀπόλωλας·μῶ
1167 1245 1562 1323 κακόδαιμον.
1615 1245 1815 1333 Tryg.
1869 1248 2151 1311 οὐκοῦν
2200 1245 2286 1322 ἣν
2335 1246 2600 1328 λάχω·

647 1355 874 1431 Ἑρμῆς
923 1354 1047 1431 γὰρ
1097 1352 1172 1417 ὢν
1222 1352 1481 1431 κλήρῳ
1529 1353 1942 1430 ποιήσεις,
1992 1345 2104 1417 οἶδ’
2153 1351 2266 1417 ὅτι.

308 1456 458 1522 11113
506 1459 576 1520 111
622 1455 739 1521 hoc
784 1457 923 1523 loco
968 1459 1178 1522 haesit
1222 1455 1468 1522 Dobree
1489 1505 1506 1534 ,
1558 1459 1670 1541 qui
1719 1459 1874 1522 satis
1921 1457 2191 1522 feliciter
2237 1459 2507 1522 coniecit
2555 1457 2661 1524 οὔκ
2684 1507 2700 1536 ,

307 1564 381 1639 ἢν
427 1563 516 1640 μὴ
566 1561 789 1643 λάχω,
840 1584 1036 1648 quam
1090 1565 1521 1628 coniecturam
1570 1565 1800 1647 (possis
1847 1565 2045 1626 etiam
2086 1564 2150 1627 οὐ
2193 1563 2331 1643 πρὶν
2370 1563 2446 1627 ἂν
2489 1563 2702 1643 λάχω)

302 1671 375 1732 111
422 1672 678 1733 textum
725 1671 965 1754 recepit
1013 1668 1290 1755 Rlaydes
1311 1717 1327 1746 ,
1375 1673 1702 1754 praeterea
1751 1670 2095 1733 coniciens:

660 1775 887 1852 Ἑρμῆς
938 1775 1064 1854 γὰρ
1112 1775 1188 1839 ὢν
1236 1777 1491 1853 κλήρῳ
1540 1771 1613 1848 μ’
1664 1774 2051 1851 ἀπολεῖς,
2101 1771 2186 1838 εὖ
2233 1770 2344 1838 οἷδ’
2397 1770 2509 1838 ὅτι.

309 1877 494 1943 Β1113
552 1899 699 1943 sane
759 1885 856 1944 est
917 1878 1207 1966 vulgaris
1269 1881 1712 1963 interpretatio
1779 1880 1973 1959 κλήρῳ
2038 1880 2304 1951 ποιήσεις
2325 1926 2340 1956 ,
2415 1879 2550 1944 3311.
2619 1904 2702 1956 με
2805 1925 2812 1930 ·

307 1992 546 2064 λαχεῖν
594 1991 657 2049 et
696 1984 1084 2051 subobscura
1122 1987 1466 2062 sententia,
1508 2006 1621 2049 nec
1642 1987 1725 2048 .si
1763 1985 1881 2050 hoc
1920 1984 2232 2049 voluisset
2278 1984 2699 2070 intellegitur,

307 2090 542 2176 quidni
587 2096 775 2176 poeta
820 2089 1075 2176 planius
1123 2092 1392 2156 scribere
1435 2089 1770 2155 maluerit:

387 2181 399 2186 ‚
660 2196 891 2275 Ἑρμῆς
942 2196 1067 2275 γὰρ
1117 2194 1193 2259 ὢν
1239 2203 1544 2275 λοοχεῖν
1593 2194 1861 2267 ποιήσεις
1910 2196 1980 2276 μ’
2028 2189 2143 2258 οἶδ’
2185 2189 2296 2258 ὅτι.

309 2299 527 2384 qualis
571 2299 759 2365 lectio
780 2349 796 2378 ‚
847 2303 903 2364 31
947 2303 1145 2381 κλήρῳ
1190 2321 1228 2365 3
1273 2301 1623 2386 glossatore
1669 2301 2027 2386 profectum
2075 2302 2191 2376 sit,
2238 2302 2521 2384 genuina
2567 2321 2700 2365 esse

304 2410 545 2492 potest.
604 2405 717 2470 Sin
778 2428 927 2472 vero
986 2407 1254 2480 ποιήσεις
1304 2428 1453 2472 cum
1502 2405 1843 2492 Blaydesio
1891 2427 1970 2470 ex
2016 2407 2274 2476 οὶπολεῖς
2325 2411 2698 2491 corruptum

306 2532 451 2577 esse
517 2516 796 2588 statuae,
862 2516 1072 2577 nescio
1120 2533 1198 2577 an
1247 2515 1543 2592 (minime
1591 2514 1760 2576 enim
1811 2513 2233 2576 necessarium
2286 2531 2420 2577 esse
2469 2508 2534 2576 εὖ
2583 2507 2701 2576 οἶδ’

302 2639 427 2702 pro
474 2613 592 2680 οἷδ’
632 2616 747 2682 3111
790 2617 915 2682 loci
963 2619 1213 2699 docent)
1261 2616 1653 2702 probabilius
1703 2619 2008 2682 conicias:
2699 2635 2702 2638 ⁴

663 2725 892 2801 Ἐρμῆς
942 2725 1066 2802 γὰρ
1116 2723 1190 2789 ὢν
1239 2723 1493 2805 κλήρῳ
1540 2723 1629 2801 γέ
1678 2725 1748 2799 μ’
1797 2723 2175 2801 ἀπολεῖς,
2224 2717 2337 2787 οἶδ’
2389 2719 2500 2788 ὅτι.

302 2830 412 2895 Ita
460 2832 773 2893 sententia
815 2830 969 2893 haec
1018 2832 1171 2894 erit:
1227 2830 1410 2906 „Non
1458 2832 1694 2914 (perii),
1745 2832 1799 2893 si
1846 2852 1969 2894 non
2017 2834 2156 2908 (aut
2203 2836 2344 2893 ante
2390 2852 2596 2914 quam,
2647 2833 2701 2894 si

308 2934 500 3014 „vt-plu
562 2931 637 2998 ἂν
697 2933 1005 3019 legimus)
1072 2938 1237 2999 sorte
1302 2933 1595 3021 designer
1611 2954 1627 3011 ;
1693 2937 1756 2998 te
1819 2935 1990 2999 enim
2011 2982 2024 3004 .
2090 2936 2420 3000 sortitione
2469 2934 2700 3001 saltem

304 3041 693 3119 „instituta,
742 3039 1148 3124 perditurum
1191 3061 1297 3104 me
1348 3060 1516 3118 3333,
1566 3042 1802 3125 quippe
1843 3043 1953 3124 qui
1989 3039 2351 3107 Mercurius
2391 3043 2478 3104 sis
2517 3042 2698 3119 (deus

306 3148 550 3225 „sortis
617 3153 913 3229 praeses),
985 3145 1179 3230 probe
1249 3145 1468 3211 novi.''
1552 3144 1711 3209 Vide
1781 3150 1997 3210 tamen
2065 3166 2144 3210 ne
2217 3144 2439 3210 eodem
2511 3142 2700 3211 sensu

303 3252 642 3318 lenissime
690 3252 1006 3336 corrigere
1053 3249 1276 3315 liceat:

632 3361 862 3434 Ἑρμῆς
910 3356 1037 3436 γὰρ
1086 3354 1161 3418 ὧν
1210 3363 1500 3433 κλῆρον
1550 3354 1964 3431 ποιήσεις,
2013 3348 2126 3423 οἶδ’
2174 3350 2286 3419 ὅτι.

299 3467 347 3529 1.
377 3486 437 3529 3.
494 3461 839 3527 Mercurius
886 3462 1040 3525 enim
1085 3484 1211 3525 cum
1256 3450 1371 3537 sis,
1419 3461 1788 3524 sortitionem
1835 3469 1891 3523 te
1930 3460 2223 3542 initurum
2263 3460 2385 3526 scio
2402 3509 2418 3538 ,
2478 3468 2693 3541 κλῆρος

301 3572 487 3635 3111111
549 3568 814 3633 subinde
873 3570 1135 3653 ponitur
1196 3588 1309 3652 pro
1372 3568 1688 3645 κλήρωσις.
1733 3564 2066 3652 Trygaeus
2115 3568 2305 3630 sortis
2349 3570 2697 3651 patronum

298 3673 477 3739 nihil
517 3676 653 3738 sine
692 3674 1021 3738 sortitione
1060 3671 1385 3737 facturum
1424 3674 1547 3737 sibi
1585 3672 1943 3757 persuadet.
1983 3671 2299 3736 Meinekii
2339 3675 2698 3761 coniectura

300 3785 544 3859 κληρῶν
613 3777 778 3842 nihil
846 3776 1194 3863 proficitur.
1266 3777 1656 3843 Scholiastae
1725 3779 2027 3843 scribenti
2090 3774 2225 3843 οἴδοο
2289 3778 2416 3858 γὰρ
2479 3774 2570 3845 ὅτι
2618 3782 2693 3853 ὥς

300 3889 541 3967 Ἐρμῆς
612 3869 934 3965 ὑπάρχωκ
974 3885 1238 3957 ποιήσεις
1304 3908 1387 3960 με
1451 3888 1862 3962 κληρῶσαι
1925 3882 2115 3976 redde
2176 3885 2536 3962 κληροῦσθαι
2585 3891 2698 3951 aut

301 3990 763 4071 κληρώσασθοιι.
805 3988 939 4057 Gur
976 3989 1426 4055 Rutherfordio
1467 3992 1932 4075 grammaticus
1971 3993 2223 4071 κληροῦν
2263 3992 2432 4075 apud
2456 3993 2698 4057 Aristo-

298 4098 589 4183 phanem
634 4095 868 4181 legisse
916 4096 1211 4161 videatur
1250 4118 1355 4161 me
1394 4095 1573 4160 latet.
1624 4094 1696 4175 Si
1735 4096 1904 4160 haec·
1929 4101 2146 4160 autem
2187 4096 2381 4161 fuerit
2418 4101 2698 4184 genuina

294 4202 532 4280 lectio,
598 4210 767 4265 certe
831 4202 1023 4265 scribi
1084 4207 1371 4286 oporteat
1430 4207 1686 4281 κληροῦν
1754 4203 2020 4276 ποιήσεις
2085 4203 2176 4278 μ’,
2248 4201 2358 4267 3311
2419 4207 2512 4272 ita
2556 4208 2695 4271 iure

294 4312 601 4393 expectes
644 4307 919 4372 verbum
966 4309 1317 4391 passivum.
1590 4300 1605 4313 ’
