3351 5463
689 330 820 395 430
1151 349 1236 397 AD
1285 348 1487 397 osssn
1530 348 1743 397 moms
1787 349 2201 406 zonamque
2246 347 2601 396 merome.

683 518 1039 594 ουργοῦντες
1103 515 1403 590 αλλήλοις
1468 512 1879 595 συνεφρόνουν,
1952 513 2431 584 καταλύσαντες
2495 512 2692 577 οὐκέτι
2738 512 2809 576 τὸ
2857 513 3063 577 οἰκεῖον

682 620 806 685 απὸ
854 624 959 683 τοῦ
1006 620 1222 684 ὅθνείου
1269 619 1563 699 διέκρινον,
1613 620 1789 685 ἄλλα
1834 617 1909 683 τό
1953 642 2024 683 τε
2072 621 2313 698 μέτριον
2358 617 2698 699 ἀμφότεροι
2750 618 3066 698 ὑπερορῶν-

683 749 788 797 τες
854 714 957 789 καὶ
1019 725 1086 789 τὸ
1149 724 1329 803 ἄκρον
1394 726 1444 789 οἱ
1509 724 1622 800 μὲν
1688 731 1799 797 τῆς
1862 724 2197 802 ἐπιτάξεως
2253 724 2305 788 οἱ
2353 725 2415 789 δὲ
2460 731 2574 797 τῆς
2620 724 2727 789 οὐκ
2776 724 3068 789 ἐθελοδου-

684 832 862 902 λείας
934 838 1345 910 προτιμῶντες
1408 830 1547 897 ούτε
1618 833 1648 895 ε’
1665 839 1894 896 κεῖνα
1960 829 2451 909 κατειργάσαντο
2513 829 2619 895 καὶ
2686 830 2895 894 πολλα
2961 812 3062 893 καὶ

686 934 906 1002 ἄτοπα·
962 937 1048 1002 τα
1109 938 1222 1015 μὲν
1287 935 1652 1015 ἀμυνόμενοι
1701 937 1786 1001 τὰ
1836 936 1897 1001 δὲ
1948 936 2047 1001 καὶ
2099 935 2827 1017 προκαταλαμβάνοντες
2874 935 3065 1009 αλλή-

687 1059 831 1118 λους
883 1045 1166 1123 ἔδρασαν.
1465 1040 1474 1047 ’

781 1150 1102 1229 Quorsum
1161 1153 1229 1215 in
1293 1149 1415 1215 hoe
1478 1151 1810 1214 enuntiato
1869 1153 2037 1214 reete
2084 1149 2318 1214 referas
2363 1148 2611 1234 plurale
2658 1148 2859 1213 ἐκεῖνα
2878 1146 2919 1226 ,’
2944 1170 3066 1213 non

685 1257 894 1323 video.
944 1252 1153 1335 Quid?
1200 1256 1421 1321 Nonne
1469 1255 1590 1320 hoo
1639 1258 1931 1339 queritur
1977 1254 2099 1320 Dio
2118 1304 2134 1332 ‚
2186 1255 2450 1320 dimissa
2496 1254 2828 1320 eoncordia
2872 1256 3069 1320 abiec-

685 1370 876 1447 taque
937 1361 1249 1426 modestia
1311 1367 1448 1426 tam
1507 1362 1632 1427 sibi
1692 1364 1970 1427 invicem
2038 1360 2356 1425 Romanos
2424 1359 2708 1445 plurima
2772 1360 3067 1425 intulisse

684 1467 952 1534 vulnera
999 1488 1192 1551 quam
1232 1467 1310 1531 ad
1347 1466 1783 1552 subigendum
1820 1473 2157 1531 externum
2196 1467 2447 1531 hostem
2486 1487 2718 1552 parum
2754 1463 3067 1532 valuisse?

684 1573 757 1639 Id
819 1578 1038 1638 autem
1099 1575 1156 1636 si
1224 1572 1388 1636 dixit
1447 1572 1641 1657 (quod
1707 1571 1940 1637 dixisse
1999 1592 2151 1637 eum
2210 1574 2346 1656 ipse
2406 1572 2869 1637 sententiarum
2916 1571 3069 1637 ordo

685 1681 986 1745 ehiastioe
1034 1679 1382 1763 dispositus
1429 1681 1672 1763 arguit)
1720 1681 1976 1743 omnino
2023 1678 2455 1762 reponendum
2502 1677 2761 1743 videtur
2806 1678 2836 1741 ε’
2852 1702 2933 1741 κε
2954 1685 3025 1742 ῖν
3042 1701 3069 1741 ο

683 1783 1003 1870 singulari
1089 1804 1388 1862 numero,
1477 1784 1646 1868 quod
1730 1786 2027 1868 respiciat
2112 1783 2193 1848 ad
2261 1783 2330 1848 τὸ
2402 1784 2619 1849 ὀθνεῖον
2689 1786 2758 1847 in
2827 1803 3072 1869 praeee-

688 1890 1003 1955 dentibus.

779 2093 902 2159 Dio
949 2092 1004 2157 V
1043 2094 1118 2157 fr.
1167 2092 1269 2157 18.
1300 2093 1338 2157 3
1388 2099 1562 2178 (pag.
1608 2092 1715 2156 52.
1749 2092 1857 2172 10)
1898 2092 2271 2170 βαρύνεσθαι
2314 2114 2461 2158 eum
2501 2092 2774 2157 eundem
2813 2112 3071 2157 sensum

690 2201 936 2265 obtinet
981 2220 1052 2263 ao
1102 2204 1407 2277 χαλεπῶς
1471 2198 1677 2276 φέρειν
1735 2198 2148 2283 plerumque,
2212 2201 2281 2263 ni
2339 2198 2545 2275 fallor,
2608 2204 2722 2263 aut
2780 2198 3073 2265 absolute

689 2308 974 2391 positum
1036 2309 1149 2369 aut
1212 2326 1362 2369 eum
1423 2306 1785 2368 accusativo
1848 2307 2259 2370 coniunctum
2322 2304 2602 2381 videbis;
2655 2324 2805 2369 eum
2854 2303 3073 2371 dativo

688 2414 861 2476 enim
915 2410 1169 2491 yravari
1229 2409 1442 2495 aliqua
1504 2430 1572 2474 re
1633 2409 1971 2495 signifieat.
2033 2410 2261 2475 Fateor
2307 2414 2521 2475 tamen
2566 2409 2741 2475 haud
2783 2408 3074 2475 multum

684 2520 986 2583 interesse
1007 2565 1020 2590 ‚
1104 2520 1169 2580 et
1188 2562 1203 2592 ,
1289 2518 1344 2578 si
1423 2515 1685 2601 quidem
1754 2515 1877 2579 Dio
1946 2537 2094 2580 eum
2168 2515 2379 2580 dativo
2448 2516 2843 2601 frequentius
2908 2514 3075 2581 illud

685 2624 956 2688 verbum
1018 2622 1388 2705 coniungit,
1450 2627 1663 2685 nostro
1727 2620 1865 2685 looo
1929 2628 2055 2692 τοῖς
2118 2619 2463 2702 δημάρχοις
2513 2623 2670 2687 πολὺ
2720 2621 3073 2698 δυναμένοις

687 2729 1057 2808 βαρύνεσθαι
1092 2730 1202 2793 vix
1239 2728 1666 2812 suspicionem
1698 2747 1911 2792 meam
1946 2733 2265 2804 moveret,
2304 2729 2430 2792 nisi
2454 2727 2740 2794 viderem
2762 2726 3074 2793 Zoneram

691 2836 754 2904 ’7.
785 2835 888 2900 16.
915 2834 956 2899 2
997 2835 1321 2918 scripsisse
1364 2833 1464 2897 καὶ
1506 2834 1647 2903 τοὺς
1688 2832 2044 2913 δημάρχους
2082 2833 2433 2911 ἐβαρύνετο.
2477 2834 2715 2899 Utrum
2739 2856 2772 2899 e
2796 2833 3075 2900 Zonarae

688 2942 899 3007 verbis
946 2937 1357 3023 corrigendus
1406 2940 1490 3000 sit
1535 2936 1658 3000 Dio
1705 2958 1935 3014 necne,
1985 2943 2059 3001 tu
2106 2938 2385 3022 profecto
2423 2938 2658 3004 melius
2696 2940 3079 3007 diiudicabis

690 3067 883 3132 quam
931 3065 1050 3130 ego
1069 3091 1085 3120 ,
1135 3049 1199 3107 et
1246 3063 1393 3107 sane
1439 3062 1538 3106 res
1586 3047 1684 3105 est
1727 3044 1987 3106 ineerta.
2037 3040 2293 3108 Gertius
2336 3051 2556 3110 autem
2603 3046 2769 3110 mihi
2815 3045 3075 3131 quidem

689 3152 946 3220 videtur
981 3153 1050 3212 in
1095 3147 1380 3213 eiusdem
1427 3147 1775 3234 fragmenti
1822 3147 1923 3232 §4
1963 3154 2051 3232 (p.
2095 3148 2200 3213 53.
2228 3149 2317 3229 2),
2356 3155 2427 3213 ut
2469 3152 2705 3216 rectius
2744 3151 3077 3219 cohaereat

690 3259 965 3322 duarum
1026 3274 1241 3319 rerum
1302 3256 1697 3318 enumeratio
1760 3254 1839 3318 ad
1900 3275 2054 3340 quas
2112 3260 2400 3340 spectant
2443 3255 2635 3322 verba
2683 3257 2795 3334 „rb
2846 3257 3077 3331 πλῆθος

693 3365 790 3427 ἐπ’
855 3359 1228 3440 ἀμφοτέροις
1292 3360 1504 3429 αὐτοῖς
1567 3359 1708 3430 τοὺς
1772 3359 2065 3431 δυνατοὺς
2114 3360 2499 3442 ᾗτιοὶσατο,”
2550 3365 2920 3446 post'muofi
2972 3383 3079 3427 vo-

691 3467 990 3534 cabulum
1047 3490 1130 3528 τε
1186 3485 1320 3531 esse
1365 3464 1810 3543 inserendum,
1860 3465 2029 3551 quod
2078 3471 2224 3531 ante
2272 3468 2594 3560 γενομένου
2644 3487 2839 3552 quam
2886 3466 3075 3532 facile

692 3573 993 3639 exciderit
1038 3573 1252 3656 quivis
1298 3571 1509 3647 videt,
1561 3575 1625 3634 et
1672 3570 2109 3636 scribendum:
2164 3572 2267 3636 καὶ
2308 3577 2493 3648 λιμοῦ
2535 3578 2702 3652 <τε>
2743 3573 3074 3650 γενομένου

694 3680 796 3744 καὶ
840 3677 1100 3758 Νώρβης
1152 3675 1387 3746 πόλεως
1437 3673 1859 3755 α’ποικίζεσθαι
1910 3677 2361 3755 βουλευομένης
2410 3691 2596 3743 κ.τ.λ.

783 3896 906 3962 Dio
954 3894 1010 3959 V
1055 3895 1131 3960 fr.
1185 3894 1266 3960 19
1317 3899 1405 3980 (p.
1458 3892 1564 3961 5¹7.
1597 3893 1708 3974 18)
1766 3894 1868 3960 τὸν
1915 3898 2039 3974 γὰρ
2090 3895 2356 3962 Κάσσιον
2405 3896 2627 3977 καίπερ
2672 3895 3076 3978 χαριζόμενόν

693 4009 906 4082 σφισιν
953 3996 1116 4076 ὅμως
1165 4002 1262 4066 ἐπ’
1312 4003 1521 4073 αὐτοῖς
1571 3996 1658 4072 οἷς
1706 4001 2064 4078 ἐσεμνύνετο
2115 4001 2508 4080 ἀπέκτειναν,
2558 4001 2660 4066 καὶ
2704 3999 2951 4076 ἔκδηλόν
2992 4028 3075 4082 γε

591 4134 602 4146 ·
693 4103 785 4171 ὅτι
835 4107 1269 4186 ζηλοτυπηθεὶς
1318 4105 1466 4170 αλλ’
1518 4106 1625 4169 οὐκ
1675 4105 1977 4180 οὶδικιὶσας
2027 4108 2333 4173 ἀπώλετο.

787 4211 1025 4276 Durior
1058 4211 1342 4296 profeeto
1389 4231 1583 4295 quam
1628 4217 1707 4276 ut
1746 4211 2061 4297 eclogario
2098 4215 2477 4296 imputetur,
2516 4216 2614 4277 est
2654 4212 2894 4298 ellipsis
2929 4218 3076 4298 post

696 4316 943 4390 ἔκδηλόν
983 4342 1093 4395 γε,
1140 4320 1197 4382 si
1244 4317 1504 4403 quidem
1553 4319 1868 4382 omissum
1922 4324 2019 4382 est
2078 4319 2213 4383 sive
2271 4317 2558 4392 ἐποίησαν
2606 4319 2741 4382 sive
2790 4319 3071 4399 ἐγένετο,

695 4443 969 4509 quorum
1021 4423 1297 4488 alterum
1345 4430 1566 4488 utrum
1615 4423 1879 4490 fortasse
1924 4418 2347 4506 supplendum
2394 4443 2527 4488 esse
2576 4421 2732 4488 diois
2776 4427 2843 4490 in
2891 4425 3089 4500 adno-‚
