3351 5463
396 989 541 1080 AD
600 990 1249 1124 FRAGMENTA
1306 994 1932 1108 COMICORUM
1993 997 2670 1091 GRAECORUM.

1423 1202 1673 1245 sompsrl·

1072 1353 1159 1422 H.
1209 1354 1386 1422 VAN
1429 1354 2007 1426 HERWERDEN.

1352 1657 1729 1702 -o-omoo—

428 1915 687 2003 Ingenti
749 1916 1269 1982 emendationum
1329 1918 1527 1982 messi
1588 1936 1866 2002 parvum
1929 1915 2089 1982 addo
2136 1915 2568 2004 spicilegium.
2633 1917 2732 1982 In-

340 2023 576 2106 cipiam
626 2023 704 2087 ab
749 2020 1077 2086 HanPPI
1120 2022 1198 2086 fr.
1249 2020 1331 2087 51
1360 2022 1467 2099 K„
1514 2043 1642 2088 non
1691 2022 1864 2108 quod
1910 2028 2287 2107 corruptum
2331 2026 2418 2088 sit
2439 2070 2455 2101 ‚
2497 2023 2606 2088 sed
2653 2029 2729 2088 ut

339 2127 719 2193 subveniam
758 2126 997 2192 scholio
1037 2128 1500 2214 Aristophaneo
1518 2175 1535 2204 ,
1578 2150 1784 2214 nuper
1820 2150 1858 2193 a
1896 2150 2002 2194 me
2040 2127 2332 2214 neg-lecto
2370 2130 2440 2192 in
2478 2128 2723 2193 Mnem.

339 2231 556 2298 XXIV
601 2254 665 2318 p.
716 2231 869 2298 204.
2775 2228 2784 2234 ⁹

428 2337 666 2404 Scribit
711 2337 1079 2404 Athenaeus
1122 2338 1217 2404 III
1266 2337 1438 2405 77a:
1490 2339 1790 2419 κοράκεων
1836 2340 1898 2406 δὲ
1939 2339 2136 2404 σύκων
2176 2334 2333 2412 εἶδος
2367 2337 2723 2418 Ἕρμιππος

340 2444 400 2506 ἕν
448 2444 875 2524 Στρατιώταις
925 2443 1299 2523 παραδίδωσι
1350 2445 1453 2511 διὰ
1500 2445 1729 2511 τούτων

788 2555 905 2614 τῶν
951 2549 1278 2630 φιβάλεων
1324 2549 1588 2627 μάλιστ’
1636 2550 1796 2617 ἂν*
1762 2578 1796 2626 n
1844 2555 1960 2616 τῶν
2007 2548 2326 2629 κοράκεων,

338 2623 675 2720 scholiasta
735 2676 885 2721 vero
944 2655 1024 2721 ad
1070 2656 1267 2721 Arist.
1313 2654 1461 2721 Pac.
1514 2655 1645 2726 628
1692 2658 1880 2723 haec.
1931 2657 2256 2736 κορώνεωνε
2305 2655 2593 2735 κορώνεως
2640 2660 2720 2729 ὡς

288 2760 705 2846 ,φιβάλεωῃ
778 2760 908 2826 ἔστι
978 2762 1041 2827 δὲ
1109 2757 1270 2835 εἶδος
1331 2771 1521 2837 συκῆς
1586 2800 1672 2813 -
1737 2764 1974 2837 ταύτην
2038 2762 2250 2827 δὲκαὶ
2300 2762 2720 2841 κοράκειον

336 2865 656 2944 λέγουσιν·
728 2867 756 2930 ὃ
828 2866 954 2946 γάρ
1026 2870 1255 2946 καρπὸς
1331 2870 1530 2942 αὐτῆς
1601 2866 1813 2949 κόρακι
1885 2864 2036 2935 ἔοικε
2099 2869 2272 2935 κατὰ
2335 2866 2406 2932 τὸ
2468 2874 2716 2949 χρῶμα.

334 2970 611 3037 Dederat
655 2995 739 3036 κο
758 2972 1011 3051 ράκεω
1031 2998 1096 3050 ν,
1146 2978 1224 3039 ut
1264 2975 1555 3040 arbitror.

423 3162 732 3271 Eiusdem
780 3206 858 3271 fr.
900 3204 987 3273 87
1012 3206 1095 3273 K.
1144 3207 1301 3273 B.A.
1344 3205 1497 3286 470,
1529 3207 1615 3273 lO
1661 3208 2079 3288 α’φεῢσαν·
2127 3208 2408 3287 άφῆκαν.
2448 3205 2717 3272 Πλάτων

332 3310 435 3377 καὶ
499 3309 875 3390 Ἕρμιππος.
950 3313 1129 3390 „Aut
1197 3313 1473 3391 άφεῖσαν
1534 3312 1940 3378 scribendum
2002 3333 2153 3377 cum
2213 3312 2540 3377 Meinekio
2601 3319 2716 3378 aut

330 3417 625 3496 άφεῢσαν
685 3418 764 3482 ab
824 3416 1041 3499 άφεύω
1108 3417 1491 3496 deductum,
1555 3420 2001 3503 interpretatio
2064 3424 2282 3482 autem
2340 3415 2502 3484 falsa
2547 3418 2710 3483 est.'’

329 3520 534 3587 Kock.
582 3522 1009 3588 Rarissimum
1056 3524 1330 3590 verbum
1346 3572 1363 3603 ,
1410 3523 1690 3589 librariis
1735 3526 1848 3589 vix
1892 3529 2121 3591 notum
2139 3572 2156 3602 ,
2220 3545 2428 3590 errore
2486 3529 2714 3589 natum

328 3647 463 3692 esse
506 3647 739 3712 parum
782 3628 1082 3694 credibile
1128 3635 1246 3695 est.
1296 3630 1504 3710 Quare
1544 3632 1834 3711 άφεῦσαν
1872 3650 2100 3695 sanum
2147 3651 2280 3696 esse
2319 3635 2562 3709 statuo,
2603 3630 2712 3695 sed

326 3737 695 3817 corruptam
738 3735 1331 3820 interpretationem
1346 3783 1363 3813 ,
1412 3734 1644 3801 leniter
1698 3734 2130 3822 refingendam
2176 3738 2244 3800 in
2291 3736 2335 3799 ά
2348 3741 2402 3814 φ
2422 3761 2457 3810 η
2477 3740 2511 3799 ῢ
2529 3758 2566 3798 σ
2585 3759 2627 3799 α
2647 3760 2676 3799 ν
2690 3784 2707 3814 ,

326 3836 405 3903 ab
453 3838 707 3916 άφαύω.
758 3837 855 3906 Of.
903 3836 1019 3905 Ar.
1067 3838 1217 3905 Pac.
1269 3838 1444 3905 1144

508 3944 659 4009 ἁλλ’
710 3942 975 4026 ἄφευε
1021 3951 1137 4010 τῶν
1183 3948 1507 4027 φασήλων,
1560 3942 1602 4010 ὦ
1652 3946 1878 4025 γύναι,
1929 3953 2090 4025 τρεῖς
2137 3946 2455 4030 χοίνικας,

322 4049 439 4114 ubi
485 4048 596 4115 alii
642 4049 793 4125 libri
811 4097 828 4129 ,
876 4054 945 4115 in
985 4052 1218 4136 quibus
1256 4056 1392 4140 ipse
1430 4052 1764 4119 Ravennas
1785 4103 1801 4131 ,
1840 4056 2056 4119 minus
2094 4058 2264 4119 recte
2281 4102 2298 4132 ,
2337 4059 2414 4119 ut
2453 4053 2707 4120 videtur

320 4153 594 4236 ἄφαυε
640 4156 963 4223 exhibent.

412 4371 890 4441 ARISTOPHAMS
949 4375 1026 4441 fr.
1080 4374 1207 4441 106
1232 4375 1316 4442 Κ.
1380 4375 1609 4443 Suidas
1673 4377 1898 4459 Ἀτρέα
1945 4377 2050 4443 καὶ
2100 4378 2360 4444 καθόλου
2407 4378 2529 4451 τὰς
2573 4378 2700 4444 άπὸ

314 4485 436 4545 τῶν
496 4482 585 4555 εἰς
646 4494 753 4556 ἓῦς
817 4480 1123 4564 συμφώνῳ
1177 4483 1711 4562 παραληγοριένων
1758 4484 2117 4557 αἰτιατικοὶς
2162 4485 2531 4566 μηκύνουσι,
2580 4489 2700 4562 τοὶς
