3351 5463
700 388 829 457 100
1622 400 2120 458 18181088111118

693 575 929 638 visum.
970 572 1115 637 Non
1138 593 1359 636 meum
1386 576 1483 635 est
1504 592 1709 655 neque
1734 578 1830 636 est
1853 573 2049 637 huius
2071 572 2219 651 loci,
2247 576 2316 637 in
2341 572 2788 661 Mnemosyne,
2817 576 2921 639 cui
2945 576 3082 658 ipse

693 698 946 764 praees,
994 677 1224 742 multis
1275 678 1480 742 verbis
1518 677 1738 741 laudes
1779 683 1923 743 tuas
1965 698 2218 751 canere;
2262 679 2372 743 sed
2409 680 2531 745 hoc
2570 681 2836 745 fortasse
2859 701 3082 745 meum

695 790 825 861 est,
890 786 1098 868 operis
1157 786 1226 848 in
1271 804 1397 868 quo
1445 805 1613 847 nunc
1660 804 1807 847 sum
1856 790 2030 848 totus
2071 784 2581 871 ‘qualescumque
2623 786 2746 849 tibi
2793 785 3084 850 dedicare

692 892 1043 975 primitias3
1109 889 1277 974 quod
1340 910 1501 974 opus
1545 892 1880 974 integ-rum
1927 911 2095 954 nunc
2146 891 2267 954 tibi
2315 894 2574 957 mittere
2619 892 2887 957 mallem
2905 940 2922 969 ,
2971 891 3087 956 sed

691 996 978 1061 nondum
1026 999 1203 1059 extat
1244 995 1400 1059 satis
1438 1000 1757 1080 paratum.
1809 994 2299 1075 Observationes
2341 997 2479 1061 dico
2520 997 2597 1061 ad
2636 998 3088 1081 Aristophanis

691 1101 979 1167 fabulam
997 1149 1014 1179 ,
1088 1120 1247 1187 quae
1309 1120 1436 1164 una
1496 1101 1790 1164 omnium
1853 1106 1918 1164 et
1979 1100 2368 1166 facetissima
2427 1108 2524 1167 est
2569 1106 2635 1167 et
2683 1101 3086 1167 difficillima.

690 1206 831 1273 'Puo
891 1209 1100 1292 igitur
1157 1205 1394 1271 iudicio
1457 1226 1627 1269 nunc
1687 1205 2072 1270 submittam
2137 1205 2314 1271 locos
2383 1206 2627 1292 aliquot
2689 1207 2954 1273 selectos
3003 1228 3090 1271 ex

691 1312 1243 1390 annotationibus,
1309 1331 1465 1396 quas
1528 1312 1874 1395 conscripsi
1936 1313 2004 1375 in
2065 1310 2273 1375 Ranas
2292 1360 2307 1389 ,
2373 1334 2525 1377 mox
2573 1315 2628 1377 si
2679 1313 2809 1377 fors
2855 1311 3087 1377 tulerit

691 1440 841 1484 cum
886 1420 1027 1503 ipsa
1072 1416 1289 1482 fabula
1333 1417 1624 1483 edendas.
1674 1415 1776 1480 'Pu
1819 1417 1969 1481 boni
2018 1417 2274 1482 consule
2322 1418 2493 1504 quod
2533 1418 2654 1483 tibi
2694 1418 2973 1495 offertur,
3019 1422 3089 1483 et

692 1546 817 1610 quo
880 1526 1092 1588 animo
1153 1522 1450 1587 offeratur
1510 1524 1929 1607 potissimum
1975 1526 2207 1609 cogita.
2272 1524 2331 1587 A
2378 1545 2531 1589 sana
2575 1531 2790 1591 autem
2837 1526 3090 1589 ratione

690 1631 807 1695 ubi
876 1629 1196 1693 aberrasse
1264 1629 1385 1693 tibi
1454 1628 1741 1705 videbor,
1807 1634 1884 1693 ut
1944 1634 2058 1694 tuo
2123 1651 2300 1694 more
2320 1679 2334 1704 ‚
2401 1631 2470 1695 id
2528 1637 2625 1695 est
2686 1629 2918 1696 leniter
2966 1652 3090 1696 nec

692 1743 903 1801 tamen
969 1738 1342 1799 cunctanter
1404 1740 1517 1799 aut
1578 1734 1967 1812 dubitanter,
2033 1738 2102 1799 in
2149 1741 2391 1800 rectam
2440 1739 2618 1801 viam
2666 1758 2771 1802 me
2823 1757 3088 1827 revoces

693 1844 890 1907 etiam
935 1846 1128 1926 atque
1174 1842 1371 1904 etiam
1420 1846 1483 1906 te
1530 1861 1710 1926 rogo.

781 2055 887 2120 Vs.
939 2054 1025 2119 48
1095 2051 1363 2118 Herculi
1430 2054 1688 2137 roganti
1755 2073 1870 2116 cur
1938 2054 2032 2116 ita
2101 2052 2368 2119 mirifice
2438 2054 2705 2118 indutus
2778 2074 2844 2117 se
2905 2055 3092 2118 visat

690 2161 1029 2247 respondet
1095 2158 1419 2245 Dionysus
1490 2177 1558 2222 88
1624 2158 1710 2222 811
1776 2159 2013 2223 inferos
2073 2162 2207 2223 iam
2268 2161 2621 2245 suscepisse
2679 2162 2802 2223 1181·
2813 2180 2830 2237 ;
2895 2162 3091 2224 cuius

693 2266 943 2333 consilii
983 2284 1243 2329 causam
1280 2270 1654 2328 narraturus
1691 2266 1922 2349 incipit
1960 2284 1997 2328 a
2037 2265 2247 2329 verbis
2293 2265 2673 2340 ἐπεβάτευον
2701 2266 3087 2329 Κλεισθένεα

696 2372 1069 2449 „mibitabam
1126 2371 1195 2432 iot
1254 2368 1399 2433 navi
1442 2369 1543 2431 ‘cui
1576 2376 1870 2451 praeerat
1925 2369 2253 2432 Clisthenes
2269 2417 2285 2446 ,
2336 2376 2481 2434 tum
2526 2369 2856 2455 Euripidis
2903 2370 3092 2433 fabu-

695 2478 872 2556 „lam
909 2474 1195 2561 aliquam
1236 2473 1437 2539 oculis
1477 2477 1639 2538 meis
1679 2495 1994 2559 usurpans
2031 2482 2106 2538 ut
2143 2474 2373 2560 longae
2412 2477 2845 2561 navigationis
2869 2473 3090 2539 taedia

695 2582 1025 2660 „fallerem
1044 2629 1061 2658 ,
1124 2582 1319 2645 huius
1385 2585 1609 2663 poetae
1656 2600 1860 2664 nuper
1907 2582 2044 2643 vita
2091 2579 2378 2644 defuncti
2425 2580 2738 2644 desiderio
2787 2582 2882 2643 ita
2928 2600 3087 2643 sum

695 2686 1065 2773 „perculsus
1114 2691 1189 2750 ut
1237 2706 1494 2751 mecum
1543 2687 2000 2751 constituerem
2049 2682 2208 2751 Orco
2255 2706 2404 2750 eum
2455 2685 2762 2771 eripere.''
2812 2683 2910 2750 Ita
2946 2684 3086 2750 fere

688 2781 867 2858 locus
928 2793 1155 2868 habet,
1222 2793 1476 2855 omissis
1539 2811 1701 2874 quae
1763 2791 1850 2856 ad.
1903 2812 2040 2855 rem
2094 2812 2266 2855 vnunc
2314 2813 2439 2855 non
2484 2792 2747 2855 faciunt.
2821 2789 3086 2874 Optime

689 2901 898 2983 igitur
940 2896 1245 2982 intellego
1294 2896 1449 2980 quid
1496 2897 1663 2960 dicat
1715 2895 2040 2982 Dionysus
2060 2945 2076 2973 ,
2127 2901 2192 2961 et
2237 2897 2693 2981 imperfectum
2740 2895 2904 2960 illud
2943 2895 3088 2959 ἕπε-

690 3003 978 3080 βάτευον,
1044 3001 1211 3065 1111118
1271 3000 1697 3086 respondendi
1743 3002 1896 3066 facit
1943 3003 2244 3078 initium,
2293 3001 2454 3065 nihil
2500 3002 2694 3066 habet
2739 3001 2908 3086 quod
2957 3005 3088 3066 mi-

690 3128 941 3186 remur3
1007 3108 1113 3173 sed
1175 3129 1302 3172 non
1364 3107 1674 3193 intellego
1739 3128 1852 3171 cur
1899 3110 2094 3172 etiam
2139 3105 2452 3172 Hercules
2497 3109 2874 3192 imperfecto
2919 3128 3083 3172 usus

688 3236 841 3280 eum
884 3217 1273 3300 interroget:

1506 3325 1615 3381 ποῖ
1656 3325 1780 3393 γῆς
1828 3317 2208 3396 cimbalum&

776 3425 987 3490 Immo
1050 3424 1469 3499 ἀποδημεῖ
1480 3447 1510 3496 ς
1574 3426 1857 3488 0011110118
1904 3424 2198 3501 dederat,
2248 3426 2374 3488 nisi
2419 3423 2630 3502 faHor,
2679 3423 2806 3489 loci
2852 3429 3075 3489 autem

686 3536 1060 3596 contextum
1098 3532 1211 3615 qui
1248 3551 1376 3593 non
1413 3511 1883 3613 perspiciebant
1923 3567 2008 3578 —
2048 3549 2199 3593 nam
2244 3550 2369 3593 non
2418 3531 2708 3595 cuiusvis
2753 3535 2851 3594 est
2888 3528 3076 3594 intel-

566 3712 573 3720 ,
683 3637 896 3722 legere
943 3635 1260 3720 quomodo
1308 3634 1411 3698 hic
1455 3655 1680 3699 versus
1727 3656 1879 3699 cum
1917 3636 2329 3719 sequentibus
2367 3635 2701 3699 cohaereat
2728 3672 2814 3684 —-
2838 3637 3078 3719 imper-

683 3743 926 3808 fectum
960 3741 1332 3827 imperfecto
1372 3741 1822 3826 opponendum
1862 3762 1996 3807 esse
2036 3743 2161 3805 rati
2199 3745 2370 3806 sunt.
2419 3740 2566 3805 'ribi
2591 3739 2746 3826 quid
2769 3738 3073 3806 videtur?

773 3953 881 4018 Vs.
932 3953 1062 4020 305
1088 3975 1178 4039 sq.
1242 3959 1583 4041 postquam
1643 3953 1809 4019 fictis
1870 3954 2171 4039 periculis
2232 3956 2385 4020 hero
2446 3953 2860 4040 pusillanimo
2910 3955 3070 4019 satis

680 4063 938 4125 terroris
974 4064 1245 4126 incussit
1280 4059 1597 4125 Xanthias
1632 4059 1895 4125 tandem
1935 4064 2013 4139 „25
2040 4063 2384 4136 Ἔμπουσα
2409 4060 2686 4142 Φρούδη”
2725 4059 3064 4126 exclamat.

681 4166 847 4232 Dein
891 4169 959 4230 in
1006 4167 1326 4232 codicibus
1374 4187 1534 4252 quae
1580 4172 1935 4251 sequuntur
1980 4168 2135 4231 haec
2184 4172 2370 4232 sunt:

954 4274 987 4346 ἦ
1024 4276 1363 4345 Ἔμπουσα
1407 4271 1659 4350 Φρούδη.
1713 4281 1948 4337 ΔΙΟΝ.
1992 4273 2357 4348 κατόμοσον.
2405 4279 2654 4341 ΞΛΝΘ.
2685 4273 2751 4346 νη
2778 4272 2878 4334 τὸν
2908 4270 3063 4336 Δία.

682 4387 917 4446 ΔΙΟΝ.
968 4375 1176 4450 καῦθις
1224 4378 1585 4456 κατόμοσον.
1638 4385 1888 4446 ΞΑΝΘ.
1940 4380 2005 4452 νη
2056 4378 2176 4443 Δί’.
2231 4387 2467 4444 ΔΙΟΝ.
2515 4377 2752 4456 ὄμοσον.
2807 4385 3062 4446 ΞΑΝΘ.

2791 4485 2857 4558 νὴ
2910 4485 3066 4550 Δία..
