3351 5463
653 379 786 445 390
1614 388 2053 439 murmanus.

649 560 780 625 Hic
837 564 938 623 est
994 576 1242 643 pannus
1295 561 1572 621 assutus.
1633 554 1969 619 Praeterea
2027 556 2095 617 in
2156 553 2259 616 καὶ
2309 554 2361 617 εἰ
2412 552 2525 627 μὲν
2571 552 3037 638 interpolatum

651 684 790 729 esse
856 662 1044 728 debet
1111 666 1226 726 aut
1294 661 1398 725 καὶ
1469 666 1586 725 aut
1644 660 1696 723 εἰ
1716 707 1733 736 ,
1796 659 1965 744 quod
2026 658 2181 743 quid
2240 658 2365 742 sibi
2424 656 2588 724 velit
2635 662 2779 744 quis
2824 656 3038 723 dicat?

651 769 916 836 Accedit
960 766 1129 853 quod
1168 766 1361 831 verba
1398 764 1787 843 χαλκοτύπῳ
1824 788 1894 827 τε
1934 763 2039 827 καὶ
2083 762 2375 841 οἰκοδόμῳ
2409 766 2689 850 vestigia
2724 764 3042 849 quaedam

650 872 1166 959 interpolationis
1209 890 1360 956 prae
1399 892 1468 935 66
1503 870 1755 947 ferunt3
1797 889 1948 934 nam
1986 871 2276 954 primum
2313 860 2780 954 particularum
2817 892 2890 934 τε
2931 869 3037 933 καὶ

651 983 950 1044 iunctura
993 998 1032 1041 a
1074 975 1419 1042 Plutarcho
1467 975 1678 1039 aliena
1722 981 1854 1052 est,
1905 974 2129 1039 deinde
2174 995 2291 1040 cur
2334 974 2627 1040 τεκτόνων
2664 980 2731 1040 et
2769 974 3041 1054 ἀνδριαν-

652 1090 903 1150 τοποιῶν
947 1084 1181 1147 omissa
1231 1077 1422 1145 sunt?
1482 1080 1584 1145 Ex
1629 1081 1861 1165 quibus
1907 1079 2205 1145 omnibus
2250 1080 2435 1146 facile
2484 1080 2761 1146 efficitur
2802 1080 3041 1146 codicis

653 1189 712 1255 D
759 1192 1140 1274 scripturam
1158 1234 1176 1264 ‚
1221 1188 1291 1250 in
1335 1206 1463 1271 qua
1507 1184 1673 1250 nihil
1719 1190 1816 1249 est
1860 1188 2043 1262 vitii,
2089 1206 2313 1253 veram
2360 1192 2425 1251 et
2468 1189 2825 1271 genuinam
2863 1207 3001 1251 esse
3020 1230 3041 1263 ,

649 1291 1097 1377 interpolatam
1155 1291 1424 1355 alteram
1484 1310 1682 1375 quam
1744 1291 2047 1375 praebent
2106 1293 2303 1356 ceteri
2364 1291 2631 1357 codices.
2702 1290 3039 1371 Quomodo

653 1405 875 1464 autem
917 1398 1072 1462 haec
1116 1417 1197 1460 ex
1240 1396 1356 1461 illa
1401 1401 1544 1461 orta
1585 1397 1701 1472 sit,
1749 1396 1933 1461 facile
1976 1395 2402 1483 intellegitur.

749 1503 1056 1587 Sequitur
1099 1501 1278 1566 locus
1323 1523 1386 1586 p.
1436 1500 1576 1567 936
1622 1500 1805 1580 (226,
1832 1500 1973 1581 25),
2015 1501 2097 1566 de
2142 1522 2269 1587 quo
2312 1501 2629 1568 Lai-senus
2672 1502 2865 1567 haec:
2927 1500 3047 1578 „In

661 1608 720 1674 D
768 1613 900 1673 est:
951 1606 1056 1670 καὶ
1105 1606 1174 1670 τὸ
1223 1604 1415 1671 ἄλλον
1461 1608 1648 1671 αὑτὸν
1695 1608 1985 1685 ἡγεῖσθαι
2029 1608 2135 1671 τὸν
2182 1608 2369 1686 <plion
2416 1610 2518 1672 καὶ
2570 1607 3046 1687 προσαγορεύειν

661 1715 892 1793 ἑταῖρον
947 1710 1145 1791 ἕτερον
1193 1711 1356 1776 οὐδέν
1407 1714 1571 1777 ἐστιν
1619 1714 1652 1788 ἣ
1704 1714 1904 1794 μέτρῳ
1952 1713 2174 1793 Φιλίας
2226 1724 2305 1796 τῇ
2352 1714 2525 1779 δυάδι
2565 1714 2931 1795 χρωμένων,
2976 1714 3047 1777 iu

657 1818 922 1904 reliquis
981 1816 1270 1883 melioris
1327 1822 1548 1883 notae:
1601 1818 1709 1882 καὶ
1756 1820 1827 1884 τὸ
1879 1856 1964 1869 -
2014 1820 2247 1898 ἑταῖρον
2296 1822 2374 1891 ὥς
2422 1816 2619 1899 ἕτερον
2665 1819 2831 1884 οὐδέν
2882 1820 3048 1882 ἐστιν

662 1924 825 1989 ἄλλο
874 1928 1038 1997 πλὴν
1083 1923 1288 2003 μέτρῳ
1333 1924 1521 1988 κτλ.”

750 2028 1000 2097 Codicis
1056 2028 1118 2093 D
1178 2032 1564 2114 scripturam
1625 2028 1791 2093 οὐδὲν
1854 2029 2019 2093 ἔστιν
2066 2029 2103 2104 ἢ
2150 2032 2617 2115 corruptiorem
2663 2050 2803 2095 6666
2848 2050 3047 2114 quam

659 2141 1018 2200 ceterorum
1059 2135 1226 2199 οὐδὲν
1271 2139 1438 2199 ἐστιν
1485 2133 1646 2200 ἄλλο
1684 2136 1847 2209 πλὴν
1884 2139 1998 2199 aut
2038 2135 2205 2200 οὐδέν
2248 2137 2413 2200 ἔστιν
2450 2133 2611 2200 ἄλλο
2650 2136 2687 2210 ἦ
2728 2136 3048 2201 Lamnus

658 2246 845 2326 putat
861 2289 878 2318 ‚
929 2242 1027 2317 „si
1073 2239 1334 2324 quidem
1379 2244 1643 2325 apparet
1659 2288 1677 2318 ‚
1724 2240 2247 2326 interpolatorem
2292 2244 2406 2307 vix
2454 2240 2620 2305 οὐδὲν
2658 2238 2819 2305 ἄλλο
2860 2242 3047 2317 πλὴν,

663 2360 824 2431 qu'ae
867 2345 1114 2410 locutio
1155 2350 1222 2409 et
1267 2347 1525 2427 omnino
1571 2350 1636 2410 et
1680 2346 1853 2430 apud
1889 2345 2317 2411 Plutarchum
2353 2346 2565 2427 multo
2604 2348 2813 2411 rarius
2851 2366 3048 2429 quam

663 2450 830 2516 οὐδὲν
875 2447 1036 2514 ἄλλο
1085 2448 1119 2523 ἢ
1161 2452 1468 2527 occurrit,
1507 2454 1874 2535 positurum
1911 2452 2176 2517 fuisse’'.
2227 2451 2402 2532 Quae
2440 2454 2497 2515 si
2532 2458 2701 2517 recte
2736 2450 3049 2536 intellego

663 2557 930 2642 probare
991 2577 1116 2620 non
1183 2576 1464 2641 possum.
1521 2556 1823 2622 Primum
1870 2560 2042 2623 enim
2090 2559 2474 2643 scripturam
2518 2556 2748 2621 codicis
2794 2554 2854 2620 D
2900 2558 3051 2621 sim-

665 2660 996 2748 pliciorem
1034 2661 1472 2747 interpolando
1513 2664 1582 2725 in
1621 2668 1862 2728 ceteras
1900 2684 2035 2728 esse
2064 2667 2388 2729 mutatam
2412 2667 2911 2728 consentaneum
2932 2667 3049 2727 est.

662 2768 906 2832 Deinde
924 2815 940 2843 ‚
989 2767 1046 2830 si
1091 2770 1289 2831 rarior
1335 2773 1433 2832 est
1478 2766 1721 2832 locutio
1739 2817 1756 2846 ,
1803 2789 1931 2834 non
1978 2771 2201 2834 statim
2247 2770 2538 2853 sequitur
2584 2789 2727 2833 eam
2772 2769 3049 2852 interpo-

661 2873 864 2938 latam
921 2892 1076 2936 esse.
1142 2869 1241 2937 Of.
1291 2871 1419 2937 vit.
1485 2872 1680 2959 Agens·
1742 2894 1797 2938 6.
1846 2873 1931 2939 32
1996 2875 2162 2938 οὐδὲν
2224 2874 2258 2949 ἢ
2322 2879 2607 2939 τοσοῦτον
2652 2872 2833 2948 μόνον
2879 2869 3049 2937 εἶπεν

661 2978 741 3042 de
807 2976 1268 3061 Epaminonda.
1353 2974 1660 3043 Ceterum
1728 2979 1897 3043 unde
1966 2984 2143 3064 patet
2207 2979 2470 3044 Lai-seni
2537 2977 3049 3044 emendationem

664 3083 893 3152 οὐδενός
940 3083 1102 3144 ἐστιν
1153 3079 1350 3147 ἄλλου
1390 3082 1554 3156 πλὴν
1599 3083 1799 3162 μέτρῳ
1841 3085 2065 3163 Φιλίας
2108 3094 2187 3166 τῇ
2228 3085 2401 3151 δυάδι
2439 3084 2769 3165 χρωμένων
2806 3087 3049 3148 rectam

665 3184 840 3253 esse?
896 3185 1160 3252 Rectius
1219 3186 1482 3272 quidem
1543 3193 1691 3254 ante
1739 3210 1891 3256 eum
1936 3189 2307 3256 Dresslerus
2356 3191 2585 3263 οὐδενός
2635 3190 2800 3254 ἔστιν
2849 3187 3047 3254 ἄλλον

665 3293 828 3366 πλὴν
893 3293 1091 3374 μέτρῳ
1156 3298 1296 3371 φιλ.
1360 3303 1438 3374 τῇ
1503 3293 1557 3357 δ.
1604 3294 1942 3375 χρωμένου.
1988 3294 2114 3361 Sed
2156 3317 2309 3360 cum
2352 3291 2639 3360 nondum
2682 3296 3051 3360 verum-in-

663 3403 934 3466 ventum
971 3402 1059 3466 sit
1074 3448 1090 3477 ,
1133 3400 1452 3484 quomodo
1491 3400 1689 3464 huius
1733 3400 1859 3468 loci
1905 3422 2025 3486 ope
2065 3401 2489 3467 demonstrari
2524 3402 2727 3486 possit
2766 3399 3049 3465 codicem

665 3505 726 3570 D
769 3505 1230 3590 interpolatum
1276 3525 1414 3570 6666
1454 3500 1585 3571 'non
1629 3505 1964 3592 intellego,

755 3611 1014 3678 Tertius
1071 3608 1249 3675 locus
1309 3614 1406 3675 est
1461 3632 1528 3695 p.
1578 3607 1757 3677 9'7a:
1820 3613 1896 3682 ὡς
1962 3610 2022 3675 δὲ
2070 3612 2179 3684 τὴν
2226 3609 2711 3691 ἀσχημάτιστον
2764 3610 2817 3674 02
2870 3619 3050 3690 φυσι·

663 3716 752 3780 xo>
824 3716 929 3780 καὶ
1004 3715 1380 3795 ἀχρώματον
1451 3716 1664 3781 οὐσίαν
1733 3717 1837 3780 καὶ
1902 3714 2052 3790 ὕλην
2115 3716 2402 3796 λέγουσιν
2466 3715 2865 3794 ὑποκειμένην
2941 3713 3045 3780 καὶ

665 3820 1037 3900 τρεπομένην
1096 3822 1218 3900 ὑφ’
1269 3821 1522 3895 αὐτῆς
1570 3824 1691 3902 (ita
1736 3822 1831 3886 D:
1882 3823 1985 3886 ὑπ’
2036 3823 2237 3886 αὐτῶν
2286 3823 2547 3908 reliqui)
2593 3827 2697 3886 νῦν
2740 3820 2855 3897 μὲν
2898 3818 3052 3898 Φλέ-

664 3931 887 4006 γεσθαι
929 3932 1080 3992 cett.
1120 3925 1588 4012 Interpolatum
1623 3928 1905 3993 codicem
1943 3926 2002 3992 D
2038 3935 2251 3993 censet
2266 3977 2284 4008 ‚
2328 3929 2498 4014 qu'od
2537 3930 2675 3993 eius
2710 3921 3051 3990 lectionem

666 4035 776 4113 ὑφ’
839 4032 1032 4105 αὐτῆς
1107 4032 1566 4109 „vehementer
1621 4039 2044 4099 correctorem
2104 4033 2427 4099 redolere''
2500 4033 2815 4098 affirmare
2858 4031 3049 4095 ausit.

665 4137 848 4218 Quod
933 4137 1232 4222 equidem
1249 4186 1267 4216 ,
1353 4143 1699 4223 antequam
1769 4139 1844 4203 de
1915 4138 2275 4224 corruptela
2342 4139 2509 4202 mihi
2577 4135 3051 4222 persuadeatur,

665 4241 1002 4308 concedere
1049 4263 1316 4327 nequeo·
1372 4241 1611 4309 Contra
1656 4242 1874 4308 locum
1919 4244 2087 4309 male
2132 4241 2538 4308 intellectum
2586 4261 2721 4306 esse
2768 4242 3053 4324 suspicor

663 4350 863 4412 etiam
933 4353 1268 4432 propterea
1334 4348 1504 4432 quod
1568 4349 1637 4412 in
1706 4348 1906 4414 altera
1975 4353 2155 4432 parte
2226 4351 2529 4413 orationis
2544 4396 2561 4426 ‚
2635 4366 2798 4432 quae
2854 4345 3055 4430 priori

664 4451 1039 4536 respondet,
1118 4473 1378 4537 prorsus
1437 4453 1660 4518 eadem
1719 4452 2057 4517 dicuntur:
2116 4451 2306 4523 οὕτως
2372 4452 2497 4532 ἄρα
2555 4462 2634 4534 τῇ
2694 4448 3052 4531 πολυφιλίᾳ
