3351 5463
643 362 771 430 178
1173 378 1819 428 OBSERVA'I'IUNOULAR
1863 378 1946 427 nn
1991 378 2142 425 mim
2191 378 2479 425 Romano,

638 549 810 629 Quae
860 552 1183 633 praeterea
1226 546 1519 630 propriae
1567 546 1723 609 artis
1771 544 1924 609 adeo
1971 565 2192 609 secura
2239 551 2336 610 est
2353 593 2370 623 ,
2420 551 2496 609 ut
2541 545 2709 611 nihil
2755 550 2890 611 tam
2937 548 3024 609 sit

640 654 985 719 absurdum
1009 701 1025 730 ‚
1076 650 1244 736 quod
1291 671 1419 716 non
1464 649 1635 735 apud
1677 652 1837 715 istos
1883 649 2279 716 defensorem
2321 653 2628 717 inveniat.
2678 650 2895 717 Veluti
2933 653 3023 715 sie

639 758 949 824 definiunt
1007 762 1269 843 pactum
1330 758 1464 820 sive
1512 757 1996 820 conventionem
2015 803 2031 831 ,
2082 760 2158 820 ut
2204 759 2289 821 sit
2337 758 2751 841 apprehensio
2799 755 3026 822 volun-

640 867 793 929 tatis
830 862 1179 929 declaratae
1216 881 1330 945 per
1369 858 1774 924 voluntatem
1816 859 2203 925 declaratam
2235 859 2302 940 ¹),
2341 882 2455 925 nec
2495 847 3022 927 animadvertunt

636 970 837 1056 lepidi
896 970 1219 1044 homines,
1287 986 1482 1052 quam
1544 968 1629 1029 sit
1693 965 2076 1042 absurdum,
2141 972 2254 1031 aut
2305 966 2716 1031 volunt-atem
2759 966 3026 1031 alterius

638 1075 1105 1163 apprehendere
1187 1071 1389 1150 velle,
1470 1077 1583 1136 aut
1644 1092 1762 1136 sua
1822 1071 2157 1137 voluntate
2217 1074 2400 1156 quasi
2462 1073 2736 1157 forcipe,
2805 1078 2883 1137 ut
2956 1072 3024 1137 id

636 1182 783 1259 fiat,
847 1185 947 1245 uti
972 1180 1043 1260 2).
1110 1178 1291 1258 Quod
1353 1180 1934 1264 praetermitterem
1952 1225 1968 1253 ,
2033 1180 2158 1241 nisi
2205 1199 2283 1243 ex
2330 1177 2446 1243 tali
2492 1180 2804 1263 principio
2853 1197 3027 1243 occa-

638 1291 885 1353 sionem
942 1288 1146 1362 nacti,
1196 1284 1478 1369 plurima
1524 1290 1743 1349 contra
1784 1282 2143 1348 utilitatem
2188 1304 2598 1349 communem
2641 1283 2789 1348 inde
2835 1283 3028 1349 dedu·

640 1414 777 1458 cere
816 1394 1255 1466 consuessent,
1300 1390 1505 1453 sicubi
1542 1390 1891 1474 quaeritur,
1933 1388 2183 1473 quando
2221 1390 2502 1473 perfecta
2535 1392 2620 1453 sit
2655 1392 3022 1466 conventi0‚

641 1498 796 1582 quid
858 1518 929 1561 ea
990 1498 1407 1571 contineatur,
1458 1494 1690 1578 quibus
1734 1496 2019 1578 personis
2066 1496 2287 1578 prosit.
2338 1494 2513 1559 Neve
2562 1496 2706 1578 quis
2752 1495 2906 1559 haec
2953 1496 3026 1558 in

639 1606 857 1687 ipsum
905 1599 1346 1665 Bernhardum
1392 1600 1806 1665 Windscheid
1853 1600 2073 1663 acerbe
2120 1598 2290 1663 dicta
2327 1603 2546 1683 putet,
2588 1603 2678 1664 sic
2714 1602 2984 1684 accipito
3003 1646 3024 1677 ,

642 1728 865 1772 eorum
934 1708 1260 1770 neminem
1280 1753 1296 1781 ,
1370 1707 1482 1789 qui
1550 1706 1713 1768 iuris
1774 1704 2046 1768 Romani
2109 1706 2444 1769 scientiam
2505 1706 2766 1788 professi
2834 1708 3022 1780 sunt,

640 1834 753 1898 pro
816 1832 1069 1876 summa
1124 1816 1314 1895 atque
1362 1809 1817 1875 inaestimabili
1865 1809 2186 1874 doctrinae
2234 1812 2418 1894 copia
2460 1812 2674 1897 magis
2719 1810 2882 1875 mihi
2930 1830 3030 1873 sae-

639 1918 926 1981 tisfacere
989 1918 1319 2001 saepiusve
1383 1936 1420 1979 a
1482 1936 1586 1979 me
1634 1918 1703 1979 in
1752 1916 2050 1979 omnibus
2098 1917 2260 1980 meis
2307 1914 2812 1981 dubitationibus
2859 1915 3025 1979 adiri

637 2022 836 2087 solere
854 2070 870 2098 ,
935 2028 1046 2087 aut
1109 2022 1243 2109 legi
1306 2024 1653 2106 patientius
1672 2070 1688 2097 ‚
1753 2022 2025 2087 eundem
2073 2042 2225 2087 vero
2244 2069 2261 2098 ‚
2310 2024 2462 2106 quia
2507 2021 2673 2086 nihil
2716 2024 3026 2087 interesse

638 2133 824 2214 putat
892 2130 1059 2191 inter
1128 2127 1495 2213 disputandi
1564 2128 1876 2191 rationem
1945 2133 2009 2191 et
2076 2128 2180 2190 ius
2249 2125 2441 2191 civile
2459 2173 2477 2202 ,
2531 2129 2626 2191 ita
2685 2126 3023 2211 pleraque,

638 2254 797 2319 quae
858 2233 1199 2297 salubriter
1262 2253 1375 2317 pro
1435 2233 1774 2297 hominum
1839 2231 2124 2296 utilitate
2166 2231 2530 2297 introducta
2575 2236 2758 2310 sunt,
2805 2234 2876 2295 in
2923 2252 3028 2296 eo-

636 2360 786 2403 rum
846 2341 1193 2423 perniciem
1256 2342 1501 2403 vertere
1520 2386 1537 2416 ,
1602 2344 1680 2402 ut
1723 2340 1859 2403 sine
1907 2336 2247 2403 offensione
2293 2357 2437 2401 raro
2486 2337 2562 2403 de
2604 2358 2802 2402 manu
2849 2337 3020 2403 mihi

641 2445 1011 2529 deponatur.

770 2607 1043 2659 Scribebam
1075 2609 1284 2658 Traiecti
1318 2610 1377 2657 ad
1410 2608 1632 2658 Rhenum
1668 2623 1826 2657 mense
1859 2609 2073 2671 Augusto
2109 2609 2255 2657 1895.

706 2879 753 2939 1)
790 2879 1098 2928 Windscheid
1135 2884 1157 2942 ς
1189 2883 1274 2930 69:
1320 2884 1434 2931 der
1467 2897 1552 2932 von
1585 2883 1689 2930 dem
1721 2881 1872 2930 Einen
1906 2883 2117 2930 crkldrte
2157 2881 2298 2931 Wizle
2330 2898 2455 2931 muse
2488 2881 2638 2930 dard
2673 2883 2752 2932 die
2799 2879 3026 2934 Willem-

635 2961 889 3023 erkla‘runq
924 2962 1006 3009 des
1043 2963 1235 3010 Andern
1271 2964 1496 3029 eryriffen
1530 2965 1633 3012 und
1654 2962 1986 3026 sestqehalten
2017 2959 2249 3012 werden’fl

703 3043 757 3105 2)
804 3045 899 3090 Arc·
874 3058 1045 3091 canum
1094 3044 1183 3092 hoc
1228 3061 1325 3094 esse
1370 3046 1727 3110 philosophiae,
1761 3045 1923 3110 itaque
1957 3059 1984 3092 a
2019 3044 2146 3092 vitae
2183 3060 2270 3093 usu
2305 3044 2542 3104 alienum,
2577 3049 2881 3110 perspexerat
2917 3047 3020 3094 lm·

542 3141 547 3146 ·
635 3125 827 3172 manuel
861 3126 991 3172 Kant
1026 3126 1321 3190 (Metapbys.
1357 3131 1652 3192 Anfanqsqr.
1687 3130 1774 3177 der
1800 3125 2110 3177 Rechtelehro
2142 3125 2324 3192 (1797)
2355 3128 2512 3189 519).
2552 3128 2658 3176 die
2685 3129 3022 3176 transcenden-

636 3207 735 3253 tale
778 3206 1049 3267 Deduc-tion
1080 3209 1161 3257 des
1200 3209 1413 3277 Beqriffs
1445 3213 1531 3259 der
1564 3210 1843 3273 Ermerbunq
1879 3207 2031 3258 durch
2075 3207 2280 3272 Vertraq
2315 3210 2444 3258 kann
2479 3209 2629 3258 alteia
2663 3209 2788 3258 dicte
2819 3209 3020 3259 Schmin·

635 3287 865 3352 riykeiten
900 3287 1091 3338 beben’'.
