3351 5463
652 359 783 426 324
1414 444 1429 458 .
1657 377 2028 426 nucnnrms.

1010 563 1231 608 sursus
1277 545 1451 608 enim
1495 563 1721 608 versus
1764 544 2128 630 gignuntur
2172 545 2238 610 et
2284 537 2590 628 augmina
2637 547 2926 620 sumunt,

837 647 963 713 189
1012 655 1075 714 et
1123 670 1382 716 sursum
1426 648 1665 714 nitidae
1711 648 1931 734 fruges
1977 647 2358 732 arbustaque
2405 651 2729 724 crescunt,

1008 755 1287 840 pondera
1302 802 1318 832 ,
1347 759 1662 839 quantum
1685 757 1755 818 in
1781 758 1909 818 sest
1927 801 1944 830 ,
1971 773 2122 817 cum
2145 752 2444 818 deorsum
2467 757 2695 818 cuncta
2719 751 3030 817 ferantur.

741 860 1005 946 Brieger
1049 879 1213 926 vsm.
1270 858 1395 924 189
1446 860 1740 938 seclusit,
1789 880 1939 924 cum
1986 858 2334 924 arbitretur
2379 858 2551 923 hunc
2592 877 2852 923 versum
2894 877 3033 922 esse

648 967 715 1029 in
776 985 1044 1030 numero
1102 986 1322 1030 eorum
1337 1013 1354 1043 ,
1424 967 1573 1049 „qui
1642 985 1794 1029 cum
1855 965 2285 1048 antiquiorem
2347 963 2620 1028 alicuius
2681 965 3032 1028 sententiae

648 1072 922 1135 formam
990 1071 1331 1136 exhibeant
1347 1117 1365 1148 ‚
1432 1073 1671 1135 iniuria
1739 1070 1819 1135 ab
1887 1067 2188 1136 Cicerone
2250 1068 2359 1134 vel
2417 1069 2496 1133 ab
2559 1089 2633 1133 eo
2650 1115 2668 1146 ‚
2721 1089 2915 1153 quem
2960 1069 3034 1132 in

648 1176 929 1240 carmine
976 1175 1364 1240 emendando
1411 1174 1766 1240 adiutorem
1812 1175 2108 1240 habuerit
2125 1221 2142 1251 ,
2191 1175 2548 1239 conservati
2592 1193 2728 1238 esse
2775 1172 3034 1239 videan-

649 1280 798 1345 tur”
840 1285 1013 1366 (pag.
1054 1286 1283 1358 xxm).
1333 1277 1637 1346 Concedit
1671 1282 1881 1366 igitur
1919 1279 2024 1344 Br.
2073 1299 2332 1346 versum
2369 1299 2504 1344 esse
2542 1279 3028 1344 Lucretianum.

650 1383 784 1452 Gur
825 1407 979 1450 vero
1028 1390 1213 1470 putet
1261 1387 1733 1471 „antiquiorem
1778 1387 2125 1450 sententiae
2169 1386 2443 1450 formam
2489 1384 2852 1462 exhibere'’,
2900 1404 3033 1449 non

650 1490 856 1555 video·
902 1489 1088 1555 Falsa
1132 1511 1280 1555 sane
1326 1496 1423 1555 est
1459 1493 1904 1575 interpretatio
1944 1490 2276 1556 Lambini:
2323 1489 2600 1567 „solutio
2638 1495 2755 1566 est,
2779 1510 3036 1575 respon-

546 1673 553 1679 ·
651 1595 759 1659 det
796 1600 1015 1659 autem
1049 1595 1169 1660 hoc
1206 1595 1429 1660 modo:
1479 1597 1622 1680 quit
1658 1595 1816 1660 dum
1853 1601 2071 1680 postea
2088 1643 2104 1673 ,
2151 1598 2210 1660 si
2254 1594 2550 1660 flammae
2597 1615 2858 1660 sursum
2893 1615 3034 1659 mo-

648 1697 923 1765 ventur?
982 1700 1201 1765 Etiam
1256 1701 1473 1787 fruges
1518 1705 1584 1766 et
1628 1701 1879 1766 arbores
1927 1721 2186 1766 sursum
2233 1706 2526 1766 crescunt
2543 1750 2560 1779 ,
2610 1721 2761 1766 cum
2807 1705 3033 1766 tamen

648 1808 865 1871 omnia
922 1826 1215 1890 corpora,
1288 1811 1604 1891 quantum
1664 1809 1732 1869 in
1793 1808 1949 1890 ipsis
2013 1811 2107 1870 est
2130 1853 2144 1880 ,
2222 1806 2521 1871 deorsum
2581 1805 3030 1871 moveantur”.

648 1910 865 1977 Simili
931 1911 1122 1976 modo
1190 1914 1388 1978 etiam
1448 1911 1669 1988 Faber,
1735 1932 1929 1996 quem
1991 1909 2227 1978 Oreech
2293 1914 2600 1996 sequitur.
2673 1910 2815 1976 Hoc
2875 1932 3032 1976 vero

652 2017 805 2083 dicit
849 2022 1069 2102 poeta:
1123 2017 1301 2082 facile
1346 2023 1412 2082 te
1456 2019 1525 2082 in
1573 2038 1852 2083 errorem
1889 2019 2134 2101 possint
2171 2017 2468 2082 inducere
2506 2016 2802 2082 fiammae
2823 2064 2840 2094 ,
2877 2037 3034 2080 nam

650 2146 908 2190 sursum
971 2125 1263 2190 feruntur
1308 2125 1477 2190 sicut
1522 2125 1740 2210 fruges
1787 2129 1852 2188 et
1897 2124 2152 2189 arbores
2200 2143 2451 2208 quoque
2498 2143 2758 2188 sursum
2803 2143 3036 2188 versus

650 2235 939 2295 crescunt
959 2277 975 2307 ,
1041 2250 1433 2315 quamquam
1480 2231 1757 2314 pondera
1801 2229 2036 2294 habent
2078 2234 2143 2294 et
2187 2231 2402 2294 omnia
2445 2229 2723 2314 pondera
2765 2249 2882 2294 sua
2927 2249 3038 2294 na-
3073 2218 3082 2226 ’

653 2343 799 2400 tura
845 2333 1144 2399 deorsum
1188 2335 1501 2400 feruntur.

743 2439 913 2504 Tum
988 2445 1175 2524 poeta
1244 2440 1400 2505 dicit
1467 2440 1535 2505 id
1593 2439 1709 2505 illa
1766 2460 1891 2504 non
1954 2459 2069 2505 sua
2129 2446 2352 2524 sponte
2412 2439 2618 2504 facere
2634 2486 2652 2517 ‚
2731 2439 2842 2505 sed
2917 2442 3034 2517 „vi

654 2543 1058 2631 subigente'',
1130 2547 1312 2610 cuius
1380 2549 1473 2611 rei
1542 2544 1669 2610 alia
1739 2544 2033 2630 exempla
2099 2545 2278 2611 affert
2345 2567 2424 2610 ex
2494 2546 2726 2630 quibus
2795 2545 3034 2610 clarius

652 2654 951 2737 appareat
1007 2649 1203 2715 talem
1264 2653 1405 2716 vim
1464 2652 1784 2738 subigere.
1840 2651 1932 2716 Re
1979 2671 2133 2717 vera
2177 2653 2246 2715 in
2293 2651 2467 2716 hisce
2514 2655 2579 2715 et
2624 2652 2693 2715 in
2739 2651 2820 2715 iis
2868 2671 3034 2737 quae

654 2762 1007 2841 sequuntur
1051 2778 1180 2821 non
1228 2757 1506 2842 amplius
1552 2778 1760 2823 sermo
1809 2764 1905 2822 est
1951 2757 2027 2823 de
2075 2757 2406 2822 arboribus
2452 2761 2517 2821 et
2561 2757 2860 2842 frugibus
2897 2777 3037 2821 sur-

654 2882 799 2926 sum
862 2861 1288 2927 crescentibus
1308 2910 1324 2940 ,
1390 2865 1593 2941 immo
1655 2884 1734 2927 ne
1795 2865 1862 2927 in
1925 2862 2326 2928 conclusione
2390 2861 2654 2948 quidem
2715 2882 2810 2928 vs.
2857 2860 3032 2951 293:

656 2968 788 3045 „sic
848 2968 1057 3053 igitur
1097 2965 1328 3032 debent
1373 2967 1669 3033 flammae
1716 2969 2010 3053 quoque'’
2059 2973 2209 3033 cett.
2259 2966 2337 3032 de
2381 2969 2462 3033 iis
2509 2988 2716 3049 sermo
2762 2966 2854 3031 fit.
2915 2967 3035 3031 At-

652 3078 869 3138 tamen
911 3073 981 3137 id
1025 3092 1256 3160 parum
1299 3074 1531 3139 referre
1577 3080 1735 3158 puto
1755 3122 1771 3151 ,
1813 3093 1962 3139 cum
2001 3094 2204 3159 neque
2242 3072 2585 3158 explicatio
2622 3076 2748 3138 ista
2765 3121 2783 3151 ‚
2823 3092 3032 3157 neque

655 3178 975 3244 conclusio
1020 3183 1401 3265 repugnent.
1450 3178 1619 3245 Nam
1662 3179 1980 3265 legimus:

651 3305 746 3350 vs.
801 3282 926 3348 191
980 3304 1136 3361 „nec
1179 3282 1332 3348 cum
1380 3283 1733 3350 subsiliunt
1776 3286 1958 3371 ignes
2006 3283 2086 3349 ad
2131 3287 2298 3348 tecta
2342 3282 2680 3347 domorum

976 3394 1043 3453 et
1090 3387 1279 3454 celeri
1326 3389 1587 3454 flamma
1634 3390 1978 3475 degustant
2024 3390 2208 3473 tigna
2257 3388 2588 3473 trabesque

976 3499 1199 3578 sponte
1246 3515 1362 3559 sua
1407 3495 1610 3559 facere
1656 3493 1726 3559 id
1771 3496 1905 3559 sine
1950 3495 2021 3559 vi
2067 3494 2407 3579 subigente
2451 3474 2834 3581 putandum⁴
2861 3491 3032 3557 est'’.

740 3598 864 3665 Sed
910 3602 1122 3684 potuit
1164 3606 1353 3685 poeta
1396 3620 1522 3664 non
1568 3602 1786 3664 minus
1831 3605 2000 3665 recte
2047 3600 2352 3664 scribere:

886 3708 893 3711 ’
978 3726 1135 3782 „nec
1181 3727 1331 3771 cum
1377 3705 1726 3771 subsiliunt
1770 3707 1958 3790 ignes
2003 3704 2083 3769 ad
2126 3709 2296 3769 tecta
2342 3704 2676 3769 domorum

976 3817 1041 3876 et
1088 3810 1278 3877 celeri
1322 3811 1583 3877 flamma
1630 3812 1975 3899 degustant
2018 3813 2203 3896 tigna
2245 3811 2580 3895 trabesque

979 3923 1045 3981 et
1089 3938 1348 3982 sursum
1390 3919 1632 3983 nitidae
1679 3918 1898 4003 fruges
1945 3918 2330 4001 arbustaque
2377 3922 2666 3981 crescunt

980 4029 1205 4107 sponte
1247 4044 1361 4088 sua
1400 4024 1602 4089 facere
1639 4023 1706 4087 id
1743 4026 1878 4088 sine
1912 4025 1985 4089 ¹vi
2027 4023 2366 4109 subigente
2405 4021 2766 4107 putandum
2804 4020 2970 4086 est''.

740 4127 921 4207 Quod
986 4149 1139 4195 vero
1198 4131 1291 4201 ita
1352 4150 1481 4193 non
1543 4132 1798 4214 scripsit
1844 4150 1960 4194 nec
2005 4131 2075 4192 in
2113 4130 2366 4193 arbores
2411 4133 2473 4193 et
2520 4128 2742 4215 fruges
2784 4128 3030 4191 iterum

648 4234 911 4311 incidit,
974 4234 1128 4299 haec
1188 4256 1315 4300 non
1378 4254 1560 4319 posse
1621 4234 1787 4299 mihi
1830 4234 2093 4300 videtur
2137 4234 2453 4299 sufficiens
2501 4253 2689 4298 causa
2735 4253 2868 4298 esse
2916 4254 3034 4297 cur

648 4361 906 4406 versum
924 4389 942 4419 ,
1006 4360 1198 4425 quem
1263 4343 1396 4405 sine
1452 4339 1588 4405 ulla
1651 4340 2046 4406 dubitatione
2092 4344 2279 4424 poeta
2321 4342 2459 4424 ipse
2507 4340 2798 4423 scripsit,
2846 4340 3040 4404 eicia-

648 4468 796 4512 mus
842 4452 907 4511 et
952 4449 1301 4532 antiquiori
1345 4448 1541 4514 huius
1590 4449 1941 4513 sententiae
1987 4447 2228 4511 formae
2275 4446 2732 4511 adiudicemus.
