3351 5463
1322 389 1643 432 KEPMATA.
2549 369 2678 436 351

302 550 405 614 bei
448 548 569 614 den
612 547 937 612 Zuhorern
954 597 971 626 ,
1012 569 1129 614 vor
1166 548 1357 614 deren
1396 549 1629 636 Augen
1670 547 1781 613 der
1815 548 2066 615 Redner
2093 549 2270 636 jedes
2309 550 2420 616 der
2449 551 2684 617 'beiden

301 654 536 718 ἐκείνων
598 655 721 718 mit
783 652 969 718 Blick
1029 654 1163 718 und
1224 653 1782 740 Handbewegung
1844 654 2185 741 begleitet‚
2234 658 2336 720 ein
2381 657 2687 722 Missver-

298 759 620 824 standniss
681 757 1060 844 unmoglich
1122 779 1272 835 war,
1324 759 1609 824 versteht
1654 760 1790 824 sich
1838 780 1966 824 von
2010 759 2270 824 selbst.''
2341 761 2686 845 Mediocris

299 867 573 949 scriptor
632 865 720 927 sit
782 869 1032 948 oportet
1050 911 1067 940 ‚
1130 867 1243 950 qui
1288 868 1382 929 ita
1428 885 1527 930 res
1574 869 1825 929 enarrat
1843 912 1859 942 ,
1908 870 1984 928 ut
2030 873 2199 930 recte
2242 865 2528 952 intelligi
2570 869 2686 932 vix

301 970 507 1055 possit
574 969 701 1032 nisi
770 969 847 1032 ab
916 970 999 1033 iis
1017 1015 1034 1044 ‚
1105 971 1217 1054 qui
1286 971 1473 1034 rebus
1544 971 1701 1054 ipsis
1765 969 2214 1035 interfuerunt.
2287 971 2431 1036 Non
2490 971 2687 1036 talem

302 1073 796 1158 Xenophontem
838 1075 911 1136 in
952 1074 1231 1139 Anabasi
1273 1081 1340 1139 et
1385 1076 1455 1138 in
1501 1072 1898 1160 Cyropaedia
1935 1077 2390 1159 cognovimus3
2433 1075 2542 1141 sed
2581 1077 2686 1142 hic

300 1200 552 1264 quoque
610 1177 789 1242 locus
847 1178 1240 1243 demonstrat
1255 1226 1272 1255 ‚
1338 1201 1417 1264 qu
1427 1179 1504 1244 od
1550 1199 1737 1264 saepe
1783 1181 1853 1243 in
1899 1179 2252 1246 Hellenicis
2301 1201 2425 1244 usu
2469 1183 2682 1258 venit,

298 1283 577 1368 reliquos
635 1282 833 1348 libros
895 1304 1113 1348 omnes
1131 1331 1147 1360 ,
1211 1283 1321 1348 sed
1379 1285 1705 1369 imprimis
1770 1286 2012 1368 priores
2029 1330 2045 1360 ,
2113 1287 2387 1368 pessime
2433 1285 2686 1350 habitos

301 1410 435 1454 esse
480 1387 790 1473 milleque
833 1389 1039 1452 modis
1087 1388 1447 1453 decurtatos
1465 1436 1481 1465 ,
1544 1387 1994 1473 interpolatos,
2049 1388 2397 1473 suppletos.
2447 1389 2692 1474 ’Itaque

297 1496 597 1578 iniquum
635 1485 901 1558 fortasse
939 1500 1035 1557 est
1069 1493 1395 1578 postulare
1435 1496 1510 1557 ut
1549 1493 1786 1565 dicam,
1833 1493 2001 1556 unde
2037 1492 2203 1557 illud
2240 1496 2691 1578 importunum

303 1602 479 1676 σφᾶς
540 1617 677 1662 sese
736 1599 807 1660 in
869 1602 1124 1662 textum
1185 1599 1646 1674 insinuaverit,
1713 1596 1821 1661 sed
1885 1597 2071 1662 credo
2133 1597 2212 1661 ad
2259 1599 2540 1676 εὑρήσετε
2589 1598 2692 1664 ad-

300 1706 603 1788 scriptam
667 1701 825 1765 olim
864 1702 1079 1774 ‚fuisse
1130 1704 1377 1767 variam
1422 1700 1766 1767 lectionem
1812 1701 2159 1782 φωρασετε.
2223 1700 2390 1768 Cum
2448 1703 2693 1787 reliqua

300 1808 568 1874 evanida
628 1807 868 1883 forent,
932 1806 1154 1872 literae
1210 1814 1262 1884 Φ
1292 1854 1305 1870 .
1338 1853 1352 1868 .
1382 1829 1465 1869 ασ
1493 1851 1509 1872 .
1542 1853 1555 1870 .
1580 1853 1598 1883 ,
1667 1827 1830 1891 quae
1877 1806 2050 1871 solae
2097 1813 2468 1892 supererant
2487 1854 2505 1884 ,
2554 1829 2694 1892 pro-

300 1915 577 1978 nominis
639 1914 916 1997 speciem
978 1911 1211 1976 referre
1255 1911 1655 1977 videbantur.
1709 1911 1951 1976 Verum
1997 1911 2115 1976 hoc
2163 1916 2512 1996 utcumque
2563 1917 2694 1988 est,

302 2023 502 2085 restat
548 2024 623 2082 ut
668 2022 882 2082 totum
929 2017 1145 2082 locum
1191 2017 1581 2082 adscribam:
1630 2013 1759 2082 ὅθεν
1808 2017 2057 2094 μάλιςα
2105 2019 2342 2090 τάληθῆ
2392 2017 2690 2084 πεύσεσθε

304 2127 407 2189 καὶ
482 2121 575 2188 οὔ
618 2125 1118 2200 μετανοήσαντες
1181 2121 1383 2198 ὅςερον
1454 2122 1735 2201 εὑρήσετε
1811 2123 2038 2194 αὐτοὺς
2105 2122 2540 2202 ἡμαρτηκότας
2603 2122 2689 2186 τὰ

307 2230 549 2306 μέγιςα
623 2229 706 2299 εἰς
782 2229 943 2300 θεούς
1016 2251 1083 2292 τε
1158 2228 1259 2292 καὶ
1327 2229 1493 2303 ὑμᾶς
1555 2229 1818 2304 αὐτούς,
1883 2226 2287 2302 συμβουλεύω
2355 2226 2497 2302 ὑμῖν
2557 2226 2689 2291 κτὲ.

308 2335 568 2399 Etenim
605 2335 674 2397 in
713 2335 950 2396 nostris
987 2331 1169 2397 libris
1210 2338 1352 2416 post
1392 2333 1557 2407 ὑμᾶς
1598 2329 1825 2402 αὐτούς
1867 2330 2031 2395 solet
2069 2330 2254 2415 plene
2278 2333 2686 2416 interpungi,

308 2438 532 2504 deinde
598 2440 844 2502 inserta
910 2437 1225 2521 particula
1286 2440 1611 2520 sequitur:
1678 2435 2084 2514 συμβουλεύω
2147 2436 2199 2500 δ’
2264 2437 2427 2512 ὑμῖν.
2494 2436 2691 2502 Nullo

306 2545 568 2629 negotio
616 2543 965 2618 sentimus,
1015 2562 1211 2626 quam
1256 2540 1804 2626 supervacaneum
1851 2540 2017 2605 illud
2063 2539 2127 2604 δέ
2175 2543 2280 2605 sit.

396 2646 575 2712 XXI.
646 2647 849 2714 Nunc,
888 2667 993 2710 me
1042 2646 1319 2711 advertit
1366 2647 1534 2730 quod
1584 2646 1658 2711 de
1705 2645 2009 2710 Eteonico
2055 2643 2370 2730 legimus,
2421 2645 2574 2728 quid
2621 2647 2690 2708 in

182 2826 192 2835 ,
304 2753 516 2821 insula
555 2751 718 2819 Chio
759 2753 979 2817 fecerit
1018 2752 1191 2815 Hell.
1233 2752 1316 2815 ΙΙ.
1349 2752 1406 2815 1.
1437 2751 1498 2815 4.
1550 2752 1766 2830 Quum
1805 2750 2196 2834 praesidium
2234 2749 2691 2833 Spartanorum

305 2860 524 2943 inopia
587 2862 1004 2943 premeretur,
1054 2856 1219 2919 facta
1265 2861 1400 2919 erat
1446 2855 1738 2919 militum
1787 2856 2177 2931 coniuratio,
2211 2856 2339 2938 ·qui
2383 2854 2500 2918 hoc
2549 2874 2694 2939 age-

303 2965 459 3031 bant
505 2968 581 3026 ut
628 2964 813 3046 signo
867 2960 1011 3023 dato
1057 2960 1283 3024 urbem
1330 2960 1695 3043 diriperent.
1745 2958 2086 3024 Placuerat
2134 2963 2354 3022 autem
2400 2959 2690 3035 κάλαμον

306 3069 512 3148 Φέρειν
583 3062 654 3129 ἵν’
716 3066 1032 3137 ἀλλήλους
1097 3065 1345 3139 μάθοιεν
1410 3064 1613 3129 ὁπόσοι
1681 3063 1913 3138 εἴησαν.
1985 3064 2288 3129 Decrevit
2345 3064 2692 3130 Eteonicus

306 3174 687 3238 seditionem
733 3172 1074 3254 reprimere
1092 3218 1110 3246 ,
1160 3169 1271 3235 sed
1315 3168 1603 3234 multum
1650 3172 1954 3233 interesse
2002 3168 2359 3247 iudicabat,
2415 3191 2493 3234 ne
2537 3169 2692 3253 quid

306 3279 382 3343 de
426 3276 722 3341 militum
767 3296 1031 3339 suorum
1080 3274 1337 3338 nefariis
1384 3274 1667 3339 consiliis
1715 3275 2045 3339 rescivisse
2089 3272 2417 3338 videretur
2469 3276 2691 3357 itaque

306 3381 576 3448 callidus
616 3377 1054 3443 dissimulator
1092 3400 1242 3443 cum
1282 3377 1669 3462 quindecim,
1687 3377 2054 3442 hominibus
2080 3380 2344 3441 armatis
2369 3379 2692 3441 circumiit

309 3488 535 3551 urbem
581 3483 685 3549 καὶ
740 3483 1007 3561 ἐντυχών
1055 3507 1168 3546 τινι
1218 3484 1640 3562 ὀφθαλμιῶντι
1689 3481 1972 3559 ἀνθρώπῳ
2019 3478 2263 3545 ἀπιόντι
2313 3478 2380 3553 ἐξ
2427 3480 2690 3559 ἰατρείου

308 3591 593 3667 κάλαμον
642 3584 846 3667 ἔχοντι
899 3588 1259 3665 ἀπέκτεινε,
1309 3590 1491 3652 cuius
1538 3589 1628 3650 rei
1671 3606 1930 3651 causam
1972 3607 2121 3650 cum
2159 3587 2450 3650 homines
2489 3584 2691 3673 vulgo

310 3680 717 3781 quaererent,
782 3692 1260 3773 παραγγέλλειν
1326 3680 1600 3757 ἐκέλευεν
1646 3691 1673 3753 ὃ
1723 3691 2062 3762 Ἐτεόνικος
2111 3686 2201 3753 ὅτι
2251 3692 2352 3755 τὸν
2401 3690 2692 3768 κάλαμον

308 3797 484 3879 εἶχε·
536 3802 707 3863 κατὰ
753 3800 815 3863 δὲ
864 3800 975 3870 τὴν
1022 3798 1472 3877 παραγγελίαν
1526 3798 1840 3876 ἐρρίπτουν
1883 3796 2112 3865 πάντες
2161 3791 2280 3860 ὅσοι
2332 3792 2501 3875 εἶχον
2548 3796 2690 3869 τοὺς

310 3904 674 3982 καλάμους,
724 3904 821 3967 ἀεὶ
872 3904 899 3966 ὃ
950 3902 1179 3967 ἀκούων
1229 3902 1429 3974 δεδιὼς
1470 3904 1557 3978 μὴ
1599 3902 1814 3980 ὀφθείη
1856 3899 2036 3981 ἔχων.
2086 3900 2252 3979 Quid
2290 3901 2395 3966 hic
2434 3901 2691 3967 tandem

309 4008 534 4076 callide
598 4013 663 4072 et
724 4008 1071 4092 prudenter
1130 4010 1568 4093 excogitatum
1639 4004 1776 4070 est?
1846 4006 2245 4091 Nugatorem
2311 4004 2691 4070 Eteonicum

234 4148 243 4157 -
309 4136 443 4179 esse
506 4114 750 4189 dicam,
816 4115 941 4176 nisi
1004 4133 1258 4176 sumam
1322 4111 1653 4176 oculorum
1715 4111 2016 4174 morbum
2063 4109 2256 4173 fuisse
2305 4111 2419 4194 qui
2463 4110 2691 4175 itidem

308 4218 595 4294 κάλαμος
661 4218 994 4282 diceretur.
1066 4216 1320 4281 Scilicet
1380 4215 1731 4299 Spartanus
1796 4214 1925 4277 dux
1985 4208 2314 4278 metueb‘at
2358 4234 2440 4277 ne
2485 4220 2693 4279 conta-

306 4327 493 4409 gium
555 4324 633 4387 ab
695 4343 824 4386 uno
882 4326 1162 4407 serperet
1208 4320 1286 4386 ad
1334 4319 1549 4403 plures
1597 4326 1660 4384 et
1707 4324 1967 4402 patrum
2012 4320 2334 4402 imprimis
2379 4322 2692 4384 memoria

308 4432 511 4495 nostri
571 4449 755 4513 saepe
816 4426 1004 4492 duces
1068 4428 1315 4511 experti
1361 4430 1544 4502 sunt,
1594 4430 1911 4510 quantum
1956 4426 2193 4489 inesset
2237 4423 2520 4509 periculi
2554 4427 2691 4491 uni-
