3351 5463
1024 984 1367 1076 OODEX
1422 983 1818 1075 APULEI
1877 983 2707 1076 DORVILLIANUS.

1742 1199 1990 1246 SOBIPSH'

1449 1371 1507 1436 J.
1558 1370 1734 1436 VAN
1781 1370 1956 1436 DER
1998 1372 2276 1437 VLIET.

1626 1660 2057 1704 -ωὲοςομ-

756 1909 1025 1990 „Plures
1107 1914 1259 1974 sunt
1333 1911 1402 1973 in
1470 1916 1770 1975 ueterum
1841 1911 2096 1994 scriptis
2156 1909 2281 1974 loci
2299 1958 2314 1987 ‚
2389 1909 2466 1974 de
2536 1930 2813 1995 quorum
2883 1913 3058 1976 uitio

665 2019 1017 2102 „suspicari
1085 2037 1163 2080 ne
1224 2017 1294 2079 in
1356 2021 1641 2080 mentem
1705 2015 1966 2101 quidem
2014 2017 2324 2092 uenisset,
2371 2017 2498 2080 nisi
2547 2020 2844 2080 ueterum
2889 2015 3068 2080 codi-

666 2145 858 2200 „cum
900 2122 1135 2186 indicio
1183 2121 1259 2186 de
1305 2142 1372 2184 re
1418 2121 2038 2186 commoneremur.''
2101 2120 2200 2185 Ita
2248 2123 2444 2186 sensit
2492 2121 2812 2205 quondam
2858 2120 3068 2185 Scali-

662 2251 855 2315 gerus
873 2277 889 2306 ,
938 2249 1204 2312 eamque
1248 2233 1325 2290 ut
1364 2226 1647 2292 firmaret
1689 2230 2072 2292 sententiam
2110 2226 2364 2291 Keilius
2405 2225 2641 2292 adtulit
2683 2226 3063 2312 exemplum

663 2335 896 2400 codicis
962 2333 1377 2397 Laurentiani
1436 2332 1729 2397 LXVIII.
1782 2332 1844 2411 2,
1908 2336 2020 2418 qui
2081 2336 2149 2397 in
2193 2333 2376 2397 libris
2425 2332 2660 2418 Apulei
2706 2333 3066 2398 Metamor-

662 2441 948 2525 phoseon
1009 2438 1462 2502 lacerationem
1507 2459 1730 2522 passus
1777 2444 1909 2503 est:
1961 2458 2110 2502 nam
2160 2437 2432 2523 paruula
2477 2459 2622 2522 pars
2671 2439 2874 2503 forma
2921 2439 3060 2502 fere

661 2542 1047 2630 triangulari
1110 2565 1187 2608 ex
1251 2544 1463 2608 medio
1528 2543 1805 2628 quodam
1866 2543 2022 2608 folio
2085 2545 2295 2629 periit.
2363 2543 2620 2608 Lacuna
2667 2544 3062 2608 nitidissime

662 2671 831 2715 noua
890 2648 1192 2714 schedula
1251 2649 1736 2714 membranacea
1781 2654 1878 2714 est
1924 2648 2210 2735 expleta,
2261 2651 2540 2712 attamen
2588 2651 2900 2734 scriptura
2945 2669 3066 2713 ua-

663 2778 801 2823 cua.
868 2756 1049 2820 Duae
1111 2758 1317 2840 igitur
1370 2758 1641 2841 paginae
1688 2755 1870 2820 illius
1917 2753 2056 2820 folii
2104 2775 2216 2840 per
2260 2776 2494 2819 nouem
2538 2776 2764 2819 uersus
2811 2754 3066 2839 aliquot

662 2862 876 2927 uerbis
931 2860 1039 2925 uel
1080 2858 1315 2925 litteris
1362 2866 1692 2926 truncatae
1729 2866 1906 2925 sunt.
1959 2861 2143 2925 Alter
2188 2861 2384 2926 codex
2433 2882 2560 2925 uno
2611 2861 2863 2926 saeculo
2910 2869 3062 2946 post

664 2990 741 3033 ex
786 2969 1011 3054 priore·
1046 2965 1399 3050 descriptus
1448 2966 1705 3030 easdem
1749 2966 2084 3031 lacunulas
2135 2966 2445 3042 ostendit,
2495 2966 2601 3030 hic
2649 2988 2803 3032 uero
2849 2986 3055 3031 manu

661 3073 1007 3138 recentiore
1046 3068 1350 3154 expletas.
1392 3070 1467 3133 In
1504 3070 1830 3136 codicibus
1871 3073 2328 3136 recentioribus
2365 3070 2628 3137 lacunae
2670 3072 2858 3137 aliter
2895 3070 3058 3136 alibi

662 3184 814 3244 sunt
852 3181 1127 3243 sanatae.
1167 3175 1262 3241 De
1300 3175 1435 3241 illis
1472 3176 1738 3263 medelis
1775 3177 2032 3241 Keilius
2069 3177 2224 3243 haec
2250 3179 2539 3262 scripsit:
2587 3200 2756 3255 „cum
2782 3201 2871 3254 ea,
2897 3200 3058 3261 quae

660 3286 834 3366 vulqo
896 3283 965 3346 in
1019 3304 1082 3346 eo
1133 3282 1256 3345 loco
1306 3282 1584 3362 lequntur
1629 3282 1723 3345 ita
1767 3290 2110 3365 comparata
2155 3284 2281 3345 sint
2298 3331 2313 3360 ‚
2361 3290 2431 3345 ut
2476 3304 2595 3346 non
2642 3282 2925 3346 uideatur
2972 3283 3058 3345 de

661 3390 1010 3470 inteqritate
1069 3390 1377 3451 uerborum
1422 3388 1695 3451 dubitari
1731 3411 1912 3471 posse
1930 3436 1945 3465 ‚
1995 3390 2247 3451 lacunae
2293 3387 2636 3451 Florentini
2683 3387 2901 3451 codicis
2948 3388 3059 3449 do-

662 3503 793 3559 cent
840 3494 1223 3558 librariorum
1271 3495 1415 3557 haec
1460 3516 1583 3557 esse
1626 3494 2104 3576 supplementa.”
2167 3493 2322 3558 Fors
2365 3496 2457 3557 ita
2505 3493 2694 3571 tulit,
2741 3499 2818 3558 ut
2861 3492 3052 3557 illam

662 3599 863 3665 Keilii
926 3602 1291 3684 opinionem
1356 3600 1579 3664 eodem
1629 3601 1758 3665 fere
1804 3606 2089 3686 tempore
2135 3602 2610 3684 oppugnauerit
2672 3598 2822 3664 Otto
2863 3598 3055 3664 Ross-

622 3692 821 3771 ⁰bach
881 3704 1395 3789 Regimontanus
1454 3708 1522 3769 in
1584 3705 1937 3771 Annalibus
1965 3705 2015 3787 1)
2078 3705 2612 3779 Fleckeisenianis
2632 3754 2649 3783 ‚
2699 3709 2764 3768 et
2809 3726 2926 3791 ego
2974 3706 3054 3768 in

660 3812 1084 3896 Mnemosyne
1110 3809 1183 3889 2).
1226 3810 1496 3875 Diuerso
1536 3811 1954 3876 fundamento
1990 3814 2116 3876 nisi
2139 3810 2579 3876 intelleximus
2604 3810 3055 3896 supplementa

660 3939 788 3982 non
858 3938 935 3980 ex
1001 3918 1263 4001 ingenio
1332 3920 1700 3982 correctoris
1768 3916 1876 3983 uel
1948 3918 2185 3981 scribae
2247 3916 2546 3994 fluxisse,
2611 3916 2721 3981 sed
2777 3936 3051 3981 manum

660 4024 1010 4110 genuinam
1049 4022 1375 4107 scriptoris
1419 4024 1719 4108 proferre.
1758 4018 2076 4088 Rossbach
2110 4030 2327 4087 autem
2352 4025 2754 4108 comparavit
2777 4024 3056 4107 scriptu-

660 4151 799 4195 ram
838 4129 1073 4194 codicis
1104 4152 1147 4209 y
1185 4131 1229 4193 i.
1258 4150 1310 4193 e.
1363 4130 1829 4214 Guefferbytani
1877 4131 2149 4195 Gudiam·
2202 4127 2349 4207 1¹72,
2396 4131 2509 4215 qui
2549 4130 2776 4193 dicibur
2816 4149 2952 4194 esse
2990 4122 3062 4193 εξ

729 4387 777 4448 1)
812 4387 950 4435 Neue
983 4385 1154 4435 Jahrb.
1194 4388 1337 4437 1895.
1374 4404 1423 4453 p.
1462 4387 1556 4441 571
1577 4404 1681 4453 sqq.

727 4467 781 4533 2)
817 4468 1148 4533 Mnemosyne.
1183 4470 1329 4519 1895.
1362 4486 1409 4534 p.
1446 4468 1543 4521 175
1562 4486 1663 4534 sqq.
