3351 5463
1252 378 1637 427 miserrmus.
2505 362 2630 427 145

269 548 367 606 ante
439 543 674 609 oculos
735 545 1103 609 habeamus.
1169 542 1678 631 Clytaemnestra
1696 594 1711 622 ,
1774 547 1960 609 iuxta
2020 548 2523 631 Agamemnonis
2569 551 2633 611 et

274 645 607 715 Casandrae
655 650 961 717 cadavera
1007 654 1355 716 consistens
1372 700 1389 728 ‚
1436 652 1591 716 haec
1635 654 2044 735 pronuntiat:

703 764 905 820 κεῖται
955 757 1249 832 γυναικὸς
1298 757 1481 831 τῆσδε
1531 759 1852 835 λυμαντηρ
1901 755 2109 835 πικρός
2137 757 2209 837 1),

706 861 1043 943 Χρυσηίδων
1093 863 1414 943 μείλιγμα
1463 869 1579 926 τῶν
1631 862 1735 925 ὑπ’
1782 862 1977 941 Ἰλίῳ·

706 965 742 1042 η’
787 968 845 1029 τ’
897 968 1312 1048 αἰχμάλωτος
1360 966 1495 1045 ἥδε,
1548 968 1651 1033 καὶ
1703 947 2082 1048 τερασκόπος

704 1075 808 1139 καὶ
858 1075 1268 1153 κοινόλεκτρος
1316 1076 1525 1152 τοῦδε,
1578 1076 2051 1153 θεσφατηλογεῒ
2073 1072 2124 1155 ¹)

703 1181 892 1254 πιστη
942 1180 1252 1257 ξύνευνος·
1304 1182 1599 1245 ναυτίλων
1648 1176 1709 1244 δὲ
1758 1180 2090 1255 σελμάτων

701 1285 867 1351 ἴστον
916 1287 1144 1367 τριβάς
1172 1286 1246 1366 1).
1296 1286 1503 1363 ἄτιμα
1551 1286 1601 1349 δ’
1649 1288 1756 1351 οὐκ
1804 1284 2178 1366 ἐπραξάτην.

704 1383 731 1455 ὃ
779 1393 891 1469 μὲν
940 1393 1065 1472 γαρ
1116 1389 1337 1469 οὕτως,
1388 1390 1421 1467 ἣ
1471 1392 1535 1457 δέ
1583 1416 1671 1456 τοι
1723 1392 1935 1457 κύκνου
1984 1391 2149 1466 δίκην

701 1499 801 1561 τὸν
853 1496 1118 1563 ὕστατον
1166 1497 1479 1575 μέλψασα
1529 1497 1864 1575 θανάσιμον
1911 1498 2054 1574 γόον

703 1614 904 1669 κεῖται
952 1608 1231 1685 Φιλήτωρ
1280 1605 1465 1681 τοῦδ’,
1519 1604 1652 1680 ἐμοὶ
1703 1608 1754 1669 δ’
1803 1606 2131 1682 ἐπήγαγεν

700 1713 874 1785 εὐνῆς
924 1713 1354 1790 παροψώνημα
1403 1719 1516 1784 τῆς
1566 1713 1721 1788 ε’μῆς
1768 1712 2017 1793 χλιδῆς.

278 1814 351 1879 De
387 1816 623 1881 ultimo
665 1838 852 1883 versu
891 1817 1178 1882 Keckius
1216 1824 1385 1882 recte
1424 1817 1734 1882 indicavit
1775 1838 2053 1881 errorem
2089 1815 2288 1881 latere
2327 1819 2396 1881 in
2436 1818 2630 1894 εὐνῆς,

276 1921 491 2007 reliqua
516 1944 665 1987 sana
689 1945 857 2002 esse;
885 1927 1157 1990 coniecit
1182 1925 1409 2001 εὐθνής,
1437 1924 1606 2009 quod
1630 1945 1862 1989 verum
1887 1944 2016 1988 non
2040 1943 2174 1987 esse
2198 1925 2631 1987 certissimum

279 2034 369 2091 est.
424 2028 670 2093 Mirum
718 2030 872 2115 quid
892 2079 907 2108 ,
959 2028 1476 2116 Clytaemnestra
1523 2031 1859 2112 εὖθανασία
1905 2028 2258 2095 Casandrae
2306 2027 2626 2115 gaudens!

277 2132 320 2195 E
369 2139 492 2200 toto
552 2134 691 2200 loco
757 2144 975 2200 autem
1038 2135 1338 2221 colligere
1401 2134 1588 2213 licet,
1639 2134 2225 2222 Clytaemnestram
2270 2136 2337 2199 id
2383 2137 2632 2224 potissi·
2698 2198 2705 2202 .

278 2258 433 2303 mum
499 2240 763 2328 gloriari
835 2240 1221 2306 Casandram
1292 2241 1489 2305 simul
1552 2263 1701 2305 cum
1761 2243 2245 2327 Agamemnone
2304 2250 2629 2307 mortuam

279 2365 419 2422 esse;
477 2348 978 2433 Agamemnonis
1040 2369 1214 2412 mors
1278 2350 1460 2432 quasi
1520 2346 1789 2432 epulum
1854 2346 2403 2434 Clytaemnestrae
2466 2346 2626 2422 fuit,

280 2446 596 2517 Casandrae
656 2474 831 2518 mors
872 2453 1259 2518 simultanea
1307 2450 1732 2532 παροψώνημα
1783 2456 2234 2538 gratissimum
2282 2456 2342 2518 ei
2391 2452 2630 2517 obtulit

280 2558 641 2640 (ἐπήγαγεν).
694 2554 973 2624 Omnino
1019 2558 1403 2644 legendum,
1454 2580 1579 2624 non
1628 2559 1834 2629 εὖθνής
1883 2564 1960 2622 ut
2003 2558 2188 2623 Keck
2235 2558 2478 2635 voluit,
2520 2557 2630 2621 sed

278 2663 517 2738 συνθνής.
576 2663 784 2744 Quam
846 2664 1149 2729 facillime
1202 2686 1235 2729 e
1283 2686 1435 2729 voce
1489 2672 1892 2729 CTNONHC
1941 2664 2340 2750 negligentia
2389 2665 2630 2728 scribae

282 2777 529 2834 eTNHC
586 2753 724 2836 orta
786 2774 909 2848 sit,
973 2771 1512 2836 demonstratione
1575 2793 1702 2836 non
1750 2776 1917 2856 eget.
1983 2769 2106 2849 Qui
2153 2775 2369 2834 totum
2413 2768 2631 2833 locum

276 2881 535 2940 accurate
578 2876 957 2964 perlegerit,
1023 2880 1246 2942 statim
1293 2883 1623 2962 agnoscet,
1674 2876 1936 2941 nullum
1983 2874 2371 2941 vocabulum
2417 2878 2632 2961 aptius

274 2997 418 3055 esse,
456 2980 704 3046 nullum
740 2989 877 3047 tam
915 2985 1374 3066 necessarium,
1404 3003 1599 3067 quam
1620 2983 1744 3048 hoc
1766 2985 1985 3066 ipsum
2011 2982 2278 3053 συνθνής.
2319 2980 2504 3046 Nihil
2526 3002 2631 3045 me

272 3079 471 3148 movet
526 3088 879 3154 observatio
904 3137 917 3164 ‚
994 3089 1388 3153 adjectivum
1452 3090 1698 3162 συνθνης
1768 3088 2001 3153 nullibi
2067 3089 2348 3152 inveniri
2413 3089 2484 3150 in
2551 3090 2632 3150 iis

283 3191 517 3274 scriptis
596 3215 757 3278 quae
837 3200 1113 3260 aetatem
1178 3194 1382 3259 tulere
1400 3215 1417 3272 3
1481 3195 1754 3260 verbum
1815 3195 2152 3266 συνθνήσκω
2223 3199 2450 3257 notum
2519 3197 2632 3256 est.

282 3289 463 3358 Porro
520 3297 826 3387 habemus
875 3302 1141 3377 νεοθνῆς,
1193 3296 1479 3391 ἧμιθνήςι,
1530 3299 1878 3378 ἀνδροθνης,
1928 3299 2356 3376 χειμονοθνής,
2404 3301 2473 3360 in
2519 3297 2636 3360 hac

274 3399 399 3480 ipsa
467 3405 785 3489 tragoedia
852 3406 1158 3481 λιμοθνής.
1233 3404 1303 3469 Si
1374 3408 1516 3491 quis
1580 3411 1799 3470 autem
1864 3405 2124 3470 obiiciat
2181 3407 2250 3468 in
2313 3402 2495 3468 nullo
2557 3423 2635 3467 ex

274 3501 432 3568 hisce
477 3510 797 3576 vocabulis
834 3514 1368 3596 praepositionem
1410 3512 1623 3576 adesse
1646 3559 1661 3588 ,
1703 3514 2032 3575 nominare
2071 3510 2224 3574 licet
2265 3509 2632 3588 ἀμφιπλήξ,

273 3608 610 3698 niumm-mg,
675 3618 1029 3697 ὦμφιρρώξ,
1097 3618 1397 3698 ἀπορρώξ,
1474 3619 1780 3696 ἕπιβλής,
1847 3616 2246 3696 παραβλώψ,
2321 3615 2632 3694 κατώρυξ,

275 3709 470 3793 διώρυξ
488 3765 504 3793 ,
574 3720 710 3786 alia·
755 3744 917 3807 quae
977 3745 1235 3809 prorsus
1299 3721 1567 3809 analoga
1631 3730 1783 3788 sunt
1801 3745 1817 3802 ;
1893 3724 2163 3808 denique
2227 3725 2282 3786 si
2344 3725 2634 3806 pertinax

273 3822 405 3899 quis
469 3823 732 3892 obiicere
795 3835 1022 3915 pergat
1087 3828 1336 3893 nullam
1399 3851 1477 3894 ex
1546 3832 1720 3895 hisce
1784 3829 2362 3914 praepositionibus
2424 3849 2636 3893 mono-

276 3920 580 4004 syllabam
637 3953 801 4009 esse,
870 3932 1225 3998 frustulum
1289 3933 1515 4012 πέτρης
1578 3935 1930 4015 προβλῆτος
1958 3983 1973 4012 ,
2042 3936 2108 3998 in
2171 3934 2446 3997 frontem
2494 3952 2634 3997 con-

271 4024 503 4093 iectum
520 4079 537 4108 ,
585 4034 784 4101 altum
832 4038 1163 4104 silentium
1211 4042 1270 4103 ei
1313 4040 1625 4124 imponat.

336 4329 390 4392 Ῑ)
434 4335 593 4386 Hasce
630 4342 841 4402 eximias,
878 4343 937 4392 ab
975 4342 1241 4392 editoribus
1279 4343 1543 4406 neglectas,
1581 4345 1754 4394 Keckii
1787 4345 2140 4394 emendationes
2173 4344 2226 4393 in
2259 4347 2445 4394 textum
2480 4342 2636 4404 recepi

276 4420 357 4468 P¹⁸⁰
394 4418 739 4481 λυμαντήριος,
776 4424 1183 4487 θεσφατηλόγος,
1218 4424 1527 4486 ἱστοτριβῆς.

2292 4582 2356 4631 10
