3351 5463
730 353 773 416 4
1804 362 2035 418 LIVIUS.

729 534 884 598 haec
951 533 1146 598 verba
1220 532 1426 610 „bona
1493 532 1906 610 Porsinnae”‚
1971 540 2048 599 ut
2109 540 2372 619 apparet
2432 554 2584 599 cum
2646 557 2725 601 ex
2768 540 3164 621 postremis

730 641 1061 704 sententiis
1123 659 1314 723 supra
1374 637 1592 706 relatis
1611 687 1628 716 ‚
1697 645 1841 704 tum.
1904 661 1983 704 ex
2039 639 2388 706 Plutarcho
2440 640 2560 706 19:
2619 643 2989 722 κηρύττουσι
3048 643 3159 708 τὰ

733 745 995 823 Πορσίνα
1044 747 1379 824 χρήματα.

821 971 875 1014 c.
927 947 1032 1013 18.
1061 948 1121 1012 5.
1185 947 1318 1011 Nec
1384 947 1518 1032 quis
1565 948 1831 1029 primum
1895 948 2156 1012 dictator
2215 957 2450 1013 creatas
2500 950 2586 1014 eit
2604 999 2621 1029 ,
2666 952 2818 1014 satie
2865 960 3151 1016 constat.

731 1057 912 1137 Apud
971 1053 1313 1118 veterrimos
1378 1061 1574 1128 tamen
1634 1060 1904 1116 auctorest
1974 1055 2040 1118 T.
2088 1055 2373 1120 Larcium
2434 1056 2781 1120 dictatorem
2813 1058 3107 1139 primum
3130 1107 3151 1135 ,

727 1162 826 1242 Sp.
874 1160 1136 1223 Cacsiwm
1171 1159 1517 1240 mayietrum
1555 1160 1815 1244 equitum
1854 1167 2081 1223 creatos
2118 1160 2377 1227 invenio.
2420 1163 2774 1226 Consulares
2813 1163 2939 1244 leq
2956 1177 2991 1227 e
3010 1187 3051 1225 r
3070 1187 3107 1226 e
3128 1190 3151 1226 .-

727 1267 850 1330 ita
911 1267 1008 1330 lea
1066 1266 1303 1330 iubebat
1365 1267 1439 1328 de
1500 1266 1795 1330 dictatore
1840 1269 2094 1330 creando
2145 1267 2293 1330 lata.
2343 1269 2435 1331 Eo
2480 1268 2670 1348 maqie
2716 1271 3011 1346 adducor,
3068 1277 3153 1332 ut

728 1375 963 1436 credam
1021 1373 1302 1436 Larcium
1323 1419 1338 1448 ‚
1400 1372 1506 1457 qni
1566 1373 1901 1436 consularis
1964 1381 2125 1451 erat,
2186 1374 2390 1456 potine
2433 1397 2608 1459 qnam
2654 1375 2753 1438 Μ’
2810 1375 3146 1439 Valerium

729 1481 824 1544 M.
857 1480 1070 1562 filium
1131 1479 1329 1542 Volesi
1374 1485 1638 1559 nepotem
1655 1528 1672 1556 ‚
1723 1478 1828 1563 qni
1874 1482 2132 1543 nondum
2177 1481 2384 1544 consul
2404 1483 2650 1567 fuerat,
2691 1483 3139 1546 moderatorem

731 1592 787 1647 et
832 1585 1178 1665 mayistrnm
1224 1584 1560 1647 consulibus
1605 1584 1969 1666 appositum.

820 1689 936 1754 Uti
1002 1712 1170 1754 nunc
1239 1691 1393 1754 haec
1457 1689 1785 1775 leguntur,
1850 1693 2249 1756 ratiocinatio
2311 1713 2438 1756 non
2486 1695 2750 1757 constat.
2821 1690 2891 1756 Si
2939 1695 3135 1757 enim

729 1799 908 1881 prius
955 1798 1372 1873 asseveravit,
1421 1795 1781 1861 consulares
1826 1796 2024 1861 lectos
2074 1819 2209 1862 esse
2229 1847 2244 1875 ‚
2291 1797 2511 1863 nullus
2557 1797 2891 1863 dubitandi
2937 1798 3136 1864 locus

730 1901 1010 1986 amplius
1071 1907 1392 1987 superest,
1451 1922 1532 1966 an
1578 1902 1844 1966 fortasse
1890 1903 2096 1968 lectus
2146 1905 2231 1967 sit
2276 1903 2566 1968 Valerius
2586 1951 2601 1980 ‚
2652 1906 2763 1988 qui
2809 1925 2933 1967 non
2984 1915 3135 1970 erat

734 2007 1102 2073 consularis.
1169 2006 1393 2093 Itaque
1454 2007 1723 2072 Livium
1780 2008 2051 2074 edidisse
2100 2012 2421 2094 suspicor:
2472 2010 2812 2072 consulares
2852 2009 2880 2071 l
2894 2031 2925 2072 e
2931 2033 2978 2090 q
2994 2033 3029 2073 e
3046 2033 3082 2073 r
3098 2033 3135 2073 e

733 2114 830 2177 tea
899 2115 1134 2178 iubebat
1203 2116 1276 2176 de
1337 2116 1397 2176 d.
1464 2136 1548 2178 er.
1613 2114 1781 2190 lata,
1847 2135 1972 2198 quo
2035 2118 2247 2200 posito
2311 2120 2457 2200 apte
2506 2117 2595 2179 sic
2644 2114 3001 2181 concludit:
3056 2139 3127 2179 eo

731 2221 921 2301 maqis
968 2222 1234 2283 adducor
1281 2239 1335 2285 e.
1361 2240 1420 2303 q-.
1450 2239 1498 2284 8.

820 2461 873 2504 c.
934 2437 1036 2502 19.
1068 2437 1127 2504 7.
1193 2439 1279 2500 Et
1337 2439 1422 2500 ad
1480 2438 1735 2501 alteo-nm
1793 2459 1975 2501 cornu
2038 2439 2325 2502 Aebntine
2382 2438 2666 2519 maqister
2724 2439 2984 2523 equitnm
3047 2441 3121 2504 in

740 2545 1046 2616 Octavium
1095 2543 1440 2608 Mamibium
1485 2544 1765 2626 impetum
1809 2546 2057 2608 dederat
2100 2567 2204 2608 nec
2233 2545 2500 2630 fefellit
2544 2544 2785 2608 veniens
2834 2546 3120 2609 floscula·-

727 2675 866 2714 nnm
911 2654 1112 2714 dacem
1128 2679 1156 2726 ;
1219 2658 1426 2714 contra
1475 2673 1642 2736 quem
1688 2657 1747 2714 et
1790 2651 1901 2712 ille
1946 2651 2205 2714 eoncitat
2250 2673 2474 2735 equum.
2531 2651 2837 2736 Tantaque
2882 2651 2974 2714 vis
3020 2653 3116 2716 in—

710 2757 909 2843 festis
970 2757 1252 2820 venien
1271 2757 1464 2819 tium
1524 2756 1718 2820 hastis
1761 2757 1911 2841 fnit
1928 2804 1945 2833 ,
2012 2764 2080 2819 nt
2139 2756 2443 2819 brachium
2503 2758 2752 2821 Aebutio
2800 2759 3112 2823 traiectum

725 2862 808 2925 eit
824 2909 841 2938 ,
891 2862 1175 2925 Mamilio
1207 2868 1423 2943 pectus
1454 2884 1823 2943 percussum.

819 2966 1087 3054 Corrigo
1132 2967 1384 3052 inseetis
1445 2973 1499 3047 (8
1515 2974 1569 3047 e)
1631 2967 2177 3030 invehentium
2241 2968 2434 3031 hastis
2477 2969 2647 3054 fnit,
2710 2990 2860 3034 nam
2906 2970 3109 3035 venire

727 3075 1011 3139 solemne
1059 3078 1156 3137 est
1195 3074 1272 3137 de
1313 3056 1720 3159 'aggressione
1761 3094 1794 3137 e
1830 3072 2183 3159 longinquo
2225 3074 2333 3139 vel
2371 3078 2648 3159 agminis
2686 3074 2791 3139 vel
2830 3076 3109 3160 singulo-

725 3202 872 3244 rum
943 3180 1047 3261 (cf.
1113 3185 1364 3264 praeter
1423 3178 1593 3243 hunc
1653 3178 1873 3243 locum
1893 3227 1909 3256 ‚
1975 3202 2027 3244 c.
2077 3180 2185 3245 20.
2213 3180 2255 3244 8
2317 3181 2421 3245 hos
2483 3181 2716 3261 aqmine
2760 3181 3100 3262 venientes),

725 3293 942 3350 contra
1000 3288 1067 3349 in
1127 3288 1266 3370 ipso
1331 3305 1639 3349 concursu
1702 3285 2064 3349 invehuntur
2125 3286 2232 3350 vel
2286 3309 2348 3349 se
2392 3287 2680 3349 invehunt
2725 3287 2939 3351 hostes
2957 3334 2973 3363 ‚
3024 3288 3101 3351 cf.

728 3390 789 3456 5.
817 3391 878 3456 8.
914 3391 1030 3469 103
1085 3390 1144 3457 6.
1175 3390 1281 3456 32.
1309 3390 1385 3467 8;
1438 3390 1544 3455 28.
1579 3390 1681 3455 15.
1714 3388 1785 3467 ’7;
1838 3390 1943 3455 40.
1974 3390 2081 3455 39.
2114 3391 2217 3469 10,
2267 3392 2346 3457 al.

814 3497 887 3561 In
947 3501 1030 3561 iis
1079 3503 1297 3562 autem
1346 3517 1505 3581 quae
1553 3500 1843 3582 proxime
1890 3498 2307 3582 praecedunt:
2366 3498 2729 3582 Tarquinius
2776 3498 3097 3579 Superbus,

723 3626 1074 3687 quamquam
1129 3602 1252 3665 iam
1312 3609 1508 3665 aetate
1554 3609 1628 3665 et
1678 3602 1993 3665 viribus
2039 3610 2171 3665 erat
2211 3604 2478 3688 φιτ-υἱον,
2528 3604 2725 3668 verba
2772 3610 2830 3665 et
2853 3602 3097 3667 ‘viribus
3134 3678 3155 3689 β

724 3708 1092 3793 expellenda
1157 3730 1319 3785 reor,
1392 3707 1558 3772 male
1621 3707 1876 3772 defensa
1940 3708 2240 3772 dissimili
2301 3708 2594 3792 exemplo
2657 3710 2726 3771 in
2790 3708 2850 3772 3.
2882 3705 3094 3773 70.10

722 3823 918 3879 aetate
979 3815 1319 3899 viribusque
1362 3814 1592 3899 ferox,
1643 3820 1709 3879 et
1757 3814 2055 3886 damnata
2100 3814 2363 3899 reliquis
2412 3814 2757 3899 exemplis,
2806 3816 3014 3878 citatis
3056 3835 3091 3877 a

721 3920 1252 3985 Weissenbornio.

811 4028 1030 4094 Etiam
1078 4027 1371 4091 dubitavi
1417 4027 1493 4091 de
1540 4027 1824 4112 epitheto
1872 4026 2275 4111 circumfusa,
2321 4020 2593 4090 iustene'
2613 4028 2697 4089 sit
2736 4024 3087 4090 adhibitum

718 4137 786 4198 in
833 4156 885 4200 c.
937 4134 1044 4199 22.
1076 4133 1111 4199 ’7
1163 4156 1290 4196 cnm
1337 4134 1553 4212 leyatis
1600 4134 1897 4214 (Latinis)
1947 4136 2243 4218 donoque,
2306 4132 2411 4217 qni
2458 4132 2823 4212 captivorum
2870 4131 3088 4194 remissi

720 4242 804 4303 ad
846 4263 980 4303 suos
1005 4242 1294 4323 fuerant,
1343 4262 1557 4318 mayna
1603 4240 1971 4324 circumfusa
2018 4239 2337 4301 multitudo
2382 4237 2563 4301 venit.
2612 4236 2910 4300 Potestne
2954 4240 3087 4300 cir-

718 4347 949 4411 cumf
957 4366 1100 4411 usa
1148 4344 1504 4409 multitudo
1553 4342 1884 4410 venire?
1933 4344 2144 4431 Vulgo
2184 4346 2595 4429 participium
2633 4348 2978 4427 usurpatur
3013 4344 3081 4407 de

714 4455 904 4521 turba
941 4457 1329 4541 congregata
1364 4453 1604 4516 circum
1643 4472 1779 4515 rem
1817 4452 2225 4516 hominemve
2264 4454 2388 4528 (res
2411 4450 2811 4529 hominesve)
2850 4449 3083 4513 eodem-
