3351 5463
666 316 709 384 8
1730 341 1961 390 mnus.

756 505 1083 570 Parisinus
1132 507 1295 569 mira
1339 509 1582 571 ratione
1627 507 2004 571 incursantes
2048 509 2206 587 ium,
2255 511 2423 575 unde
2470 513 2539 574 in
2588 510 2876 576 Mediceo
2922 511 3046 576 hoc

667 617 1031 675 monstrum
1093 611 1467 675 incursantes
1529 613 1681 694 lupi.
1750 613 1976 680 Muell.
2042 637 2191 680 cum
2257 613 2563 681 Goebelio
2612 617 2785 681 dedit
2834 617 2915 679 in
2961 617 3053 680 in-

539 747 544 751 ·
667 725 1004 795 cursantes,
1056 739 1215 803 quae
1262 721 1565 782 correctio
1613 719 1937 802 postulare
1986 721 2263 798 videtur,
2314 728 2390 785 ut
2436 743 2550 807 pro
2600 729 2706 785 aut
2750 722 3050 808 legamus

668 832 741 887 et
807 824 991 886 subiti
1060 824 1105 887 i.
1176 824 1316 910 Ego
1377 827 1590 908 potius
1655 829 2035 890 correxerim
2099 827 2352 910 impetus
2414 830 3051 905 occursantium,

667 934 960 1016 quotiens
1011 930 1252 996 scilicet
1301 931 1567 996 Fabiani
1615 936 1679 995 et
1725 931 2017 997 Veientes
2064 935 2459 1000 incursantes
2505 956 2691 1021 agros
2738 938 3054 1020 inopinati

668 1038 792 1101 sibi
840 1042 1270 1113 occurrerent;
1322 1037 1399 1101 cf.
1450 1037 1512 1100 2.
1543 1036 1650 1101 45.
1685 1039 1788 1101 10.

757 1145 882 1208 Pro
952 1144 1317 1228 conlatisque
1376 1143 1568 1223 siquis
1614 1144 1886 1208 rescribe
1948 1146 2306 1210 conlatis
2369 1147 2655 1227 siquis.
2722 1145 2818 1213 Of.
2871 1146 2973 1210 64.
3008 1145 3049 1210 5

668 1273 850 1335 aequo
916 1273 1113 1332 campo
1161 1274 1208 1312 s.
1260 1273 1309 1316 c.
1346 1257 1705 1332 puynatum.
1758 1248 1865 1315 38.
1895 1249 2001 1314 41.
2033 1251 2071 1314 6
2120 1251 2328 1336 iniquo
2377 1253 2534 1330 loco,
2572 1253 2811 1335 proelio
2859 1260 3057 1316 tamen

665 1358 820 1418 iusto
841 1404 857 1433 ,
927 1356 1055 1419 acie
1121 1363 1331 1436 aperta
1390 1377 1438 1418 s.
1503 1379 1551 1421 c.
1623 1355 2027 1419 dimicandum
2088 1365 2236 1420 erat.
2301 1357 2410 1423 23.
2439 1358 2547 1424 41.
2576 1357 2615 1422 9
2680 1382 2729 1422 s.
2778 1382 2828 1423 c.
2892 1359 3053 1422 iusto

657 1462 896 1544 proelio
932 1484 1050 1542 per
1095 1469 1350 1546 quatuor
1395 1463 1574 1523 horas
1609 1468 1971 1542 puynatum.
2022 1487 2102 1510 =
2145 1459 2252 1527 27.
2285 1463 2388 1527 12.
2424 1463 2527 1529 10.

759 1686 806 1728 c.
863 1663 968 1730 54.
997 1663 1058 1730 4.
1125 1663 1358 1728 Furius
1421 1669 1483 1728 et
1546 1663 1834 1728 Manlius
1895 1667 2172 1730 iuniores
2236 1672 2495 1751 patrum
2557 1666 2971 1731 dehortantur
3018 1687 3056 1730 a

669 1770 1034 1836 consulatus
1082 1772 1390 1854 petitione
1437 1771 1540 1834 his
1590 1773 1991 1856 argumentis
2037 1777 2287 1856 praeter
2332 1772 2491 1864 alia:
2541 1758 2881 1835 consulares
2917 1793 3056 1837 vero

652 1877 865 1963 fascis
883 1925 899 1954 ,
970 1883 1343 1958 praetextam
1410 1877 1785 1961 curulemque
1846 1877 2057 1940 sellam
2118 1878 2281 1941 nihil
2344 1878 2522 1941 aliud
2566 1901 2741 1962 quam
2771 1900 3073 1960 pompam-

652 1984 912 2069 funeris
960 1990 1182 2065 putent
1196 2011 1224 2059 ;
1287 1983 1473 2046 claris
1536 1983 1873 2064 insiynibus
1934 1985 2097 2047 velut
2142 1984 2373 2070 infulis
2417 1985 2643 2048 velatos
2691 1987 2774 2047 ad
2816 1989 3053 2047 mortem

670 2089 1004 2152 destinari.-
1051 2091 1253 2174 quod
1294 2090 1366 2153 si
1412 2091 1757 2152 consulatus
1803 2097 1976 2152 tanta
2023 2091 2272 2154 dulcedo
2317 2091 2433 2166 sit,
2482 2090 2603 2152 iam
2647 2112 2804 2152 nunc
2848 2089 2940 2152 ita
2984 2089 3053 2151 in

671 2195 932 2258 animum
996 2195 1320 2271 inducant,
1386 2195 1754 2258 consulatum
1813 2202 2050 2276 captum
2112 2202 2169 2258 et
2225 2217 2565 2277 oppressum
2610 2197 2682 2257 ab
2731 2193 3057 2257 tribunicia

660 2307 962 2383 potestate
1008 2322 1150 2362 esse.
1224 2366 1230 2374 ,

761 2407 904 2471 Non
945 2406 1126 2474 credo
1166 2406 1433 2470 Livium
1471 2427 1810 2490 usurpasse
1852 2408 2235 2471 sententiam
2272 2405 2768 2471 condicionalem
2792 2443 2877 2454 —
2903 2426 3055 2469 nam

672 2514 997 2578 constabat
1062 2513 1233 2599 apud
1291 2515 1575 2577 iuniores
1619 2517 1868 2578 tantam
1916 2535 2052 2579 esse
2099 2513 2467 2578 consulatus
2514 2512 2915 2578 dulcedinem
2964 2549 3051 2560 --

669 2621 778 2684 sed
839 2621 1161 2704 scripsisse
1226 2621 1432 2703 quod
1490 2620 1835 2682 consulatus
1883 2626 1922 2682 t.
1978 2621 2035 2681 d.
2088 2619 2234 2697 sit,
2283 2622 2326 2683 i.
2377 2641 2431 2684 e.
2481 2619 2648 2703 quod
2696 2622 2927 2684 attinet
2973 2619 3053 2683 ad

669 2734 950 2792 vestram
997 2727 1396 2810 opinionem,
1447 2733 1695 2791 tantam
1742 2747 1876 2791 esse
1924 2723 2289 2791 consulatus
2336 2724 2759 2791 dulcedinem.

763 2952 814 2994 c.
867 2929 969 2994 64.
1001 2930 1062 2995 2.
1113 2929 1377 2992 Similem
1425 2952 1644 2992 annum
1690 2929 1891 3011 priori
1938 2931 2204 2994 consules
2250 2932 2483 3009 liabent,
2522 2930 2810 2995 seditiosa
2846 2930 3053 3009 initia,

671 3036 822 3099 bello
869 3035 1086 3098 deinde
1134 3041 1374 3111 externo
1423 3036 1913 3120 tranquilla.

763 3140 1147 3205 Muellerus:
1202 3141 1584 3225 „tranquilla
1631 3143 1719 3205 ist
1765 3162 2068 3227 ungenau
2116 3142 2235 3207 auf
2267 3142 2454 3206 initia
2498 3143 2812 3228 bezogen,
2863 3142 2943 3206 da
2989 3162 3054 3206 es

669 3270 793 3312 nur
860 3268 990 3312 von
1060 3247 1206 3311 dem
1270 3249 1571 3313 weiteren
1636 3248 1955 3334 „ruhigen
2016 3247 2319 3312 Verlauf’
2386 3248 2494 3315 des
2551 3248 2775 3313 Jahres
2838 3248 3057 3334 gelten

670 3354 906 3417 kann'’.
957 3354 1042 3417 At
1092 3374 1214 3417 non
1260 3353 1642 3437 imputanda
1684 3353 1879 3435 Livio
1926 3354 2185 3418 videtur
2228 3375 2303 3419 ea
2346 3354 2775 3442 negligentia,
2826 3375 3055 3419 verum

672 3459 1121 3545 corrigendum
1170 3460 1568 3543 tranquillum
1618 3458 1748 3523 scil.
1803 3480 2043 3523 annum
2065 3508 2082 3539 ,
2130 3460 2237 3524 vel
2282 3461 2684 3525 substantive
2732 3462 3016 3545 positum
3036 3508 3052 3537 ,

669 3572 746 3629 ut
790 3568 858 3628 in
905 3564 1014 3629 28.
1044 3562 1151 3630 27.
1186 3564 1263 3627 11
1321 3572 1428 3627 aut
1477 3565 1875 3649 tranquillum
1920 3573 2029 3629 aut
2065 3566 2372 3648 procellae
2407 3566 2472 3629 in
2512 3566 2674 3629 vobis
2712 3572 2854 3629 sunt
2865 3592 2888 3642 ,·
2929 3567 3057 3630 nisi

672 3671 937 3736 fortasse
997 3670 1110 3734 ille
1174 3673 1307 3735 iam
1358 3678 1504 3735 ante
1551 3671 1856 3736 Senecam
1903 3679 1967 3736 et
2014 3672 2303 3736 Plinium
2352 3673 2689 3757 tranquilla
2733 3673 3059 3757 scripserit

671 3797 786 3862 pro
835 3775 1301 3861 tranquillitate
1322 3825 1339 3853 ,
1387 3782 1464 3841 ut
1509 3776 1674 3841 nihil
1722 3779 1809 3841 sit
1856 3776 2261 3842 mutandum.

1653 4012 1906 4089 Liber
1965 4024 2080 4091 III.

765 4230 816 4273 c,
868 4208 928 4273 6.
957 4208 1019 4274 8.
1084 4208 1338 4293 Adfecti
1387 4208 1669 4291 plerique
1702 4207 2055 4290 principum
2101 4215 2457 4290 <patrum
2502 4209 2749 4273 maior
2780 4218 3053 4293 pars),

673 4315 962 4377 militaris
1005 4314 1160 4399 fere
1221 4320 1387 4377 aetas
1432 4314 1638 4390 omnis,
1689 4320 1762 4376 ut
1806 4336 1922 4377 non
1968 4316 2134 4377 modo
2182 4317 2267 4378 ad
2310 4315 2714 4397 expeditiones
2763 4363 2778 4379 .
2806 4363 2821 4381 .
2854 4365 2870 4383 .
2886 4364 2903 4395 ,
2952 4318 3061 4389 scd

674 4421 778 4485 via·
829 4423 913 4485 ad
957 4420 1189 4506 quietas
1237 4419 1522 4484 stationes
1569 4419 1798 4483 viribus
1842 4421 2194 4504 sufficerent.
