3351 5463
1168 445 1255 491 nn
1298 446 1451 492 man
1495 445 1776 493 Romo.
2533 430 2657 496 161

290 610 369 676 ad
429 610 727 674 futurum
788 613 882 675 rei
943 616 1161 696 gestae
1180 658 1196 687 ,
1258 615 1335 673 ut
1398 611 1528 673 sint
1574 609 1835 688 arbitri,
1885 631 2159 696 quorum
2205 618 2350 697 post
2396 613 2518 678 fide
2565 618 2666 678 uti

287 718 490 783 liceat.
560 716 785 801 Itaque
852 717 922 779 in
992 716 1359 780 venditione
1422 717 1541 780 hoc
1603 718 1941 801 prospicit,
2005 739 2084 783 ne
2145 739 2458 804 umquam
2518 727 2665 805 post

288 826 616 909 negotium
672 802 1033 907 perfectum
1095 821 1261 884 illud
1319 821 1527 884 debeat
1589 822 1853 905 requiri,
1903 824 2061 906 quod
2104 845 2174 885 ex
2221 823 2354 887 iure
2401 825 2628 888 dieitur
2645 852 2664 889 .·

292 929 399 1006 „si
443 951 483 990 a
529 927 833 990 domino
881 949 1008 989 res
1054 928 1392 990 vendita
1435 926 1590 989 siff’
1632 926 1800 1005 (Vat.
1842 928 1918 991 fr.
1949 926 2053 992 35.
2084 928 2185 1007 6);
2227 932 2293 992 in
2328 930 2663 996 donatione

289 1055 358 1099 eo
404 1037 740 1098 contentus
786 1037 882 1097 est
900 1081 915 1109 ,
969 1053 1049 1095 ne
1096 1031 1393 1096 donantis
1443 1032 1819 1095 clandestina
1846 1034 2047 1117 fraus·
2099 1080 2112 1095 .
2143 1080 2157 1097 .
2188 1082 2201 1097 .
2254 1035 2470 1098 dehine
2516 1037 2663 1099 aliis

290 1139 594 1220 laryiendo
642 1145 821 1222 atque
867 1138 1142 1200 donando
1190 1160 1261 1199 ac
1305 1159 1483 1218 saepe
1526 1160 1736 1199 venum
1774 1139 1973 1200 dando
2011 1138 2224 1201 multos
2262 1140 2520 1204 habendi
2558 1163 2664 1223 epe

289 1246 525 1309 allectos
585 1265 933 1307 concurrere
978 1242 1046 1305 in
1091 1244 1488 1324 erpa-quanda
1534 1242 1652 1304 sibi
1685 1244 2067 1324 proprietate
2112 1243 2442 1327 impellat&
2491 1246 2660 1325 (vat.

288 1352 359 1415 fr.
405 1349 559 1416 249.
590 1349 678 1430 5),
740 1349 811 1413 id
872 1354 1003 1426 est,
1067 1369 1146 1412 ne
1208 1350 1459 1432 saepius
1522 1348 1697 1411 idem
1758 1348 2023 1413 eandem
2069 1370 2209 1413 rem
2255 1351 2335 1414 ad
2381 1351 2663 1417 diversas

284 1477 573 1542 personas
623 1453 963 1519 transferre
1011 1456 1212 1540 possit
1238 1452 1309 1533 1).
1359 1453 1583 1539 Itaque
1624 1457 1880 1518 tantum
1915 1456 2182 1519 interest
2219 1458 2388 1522 inter
2424 1463 2665 1522 utram-

285 1582 403 1647 que
448 1562 979 1627 constitutionem
998 1609 1015 1637 ,
1066 1565 1383 1645 quantum
1429 1559 1618 1624 hodie
1664 1562 1932 1624 interest
1976 1563 2145 1625 inter
2189 1562 2257 1625 id
2301 1564 2439 1640 ius,
2494 1564 2663 1648 quod

283 1689 392 1752 per
453 1664 835 1731 Germaniae
894 1671 1140 1750 partes,
1208 1670 1273 1730 et
1319 1666 1487 1750 quod
1535 1686 1648 1750 per
1699 1662 1980 1730 Galliam
2027 1666 2276 1731 colitur.
2340 1667 2508 1733 Nam
2551 1690 2665 1755 per

284 1770 698 1838 Germaniam
744 1771 910 1836 liber
955 1772 1360 1856 praediorum
1408 1771 1704 1858 publicus
1751 1772 1830 1836 ad
1875 1772 1941 1836 id
1988 1776 2206 1855 ipsum
2251 1774 2542 1853 habetur,
2589 1782 2664 1839 ut

280 1878 566 1964 publicae
614 1877 763 1941 fidei
809 1880 1177 1942 testimonio
1228 1866 1505 1954 constet,
1555 1878 1938 1943 vendentem
1984 1877 2093 1943 vel
2139 1878 2481 1944 donantem
2529 1902 2663 1946 esse

282 1986 615 2050 dominum
634 2004 650 2061 ;
716 1988 782 2047 at
840 2005 955 2069 per
1003 1981 1287 2049 Galliam
1334 1988 1497 2048 sicut
1536 1986 1734 2049 etiam
1781 1983 1950 2068 apud
1999 1984 2232 2069 Belgas
2278 1990 2341 2048 et
2389 1986 2662 2051 Batavos

280 2090 358 2155 ad
396 2091 463 2154 id
501 2089 951 2154 tantummodo
991 2089 1473 2153 transscribitur
1506 2112 1583 2154 ne
1625 2092 1768 2174 quis
1810 2089 2031 2154 eadem
2057 2092 2310 2175 saepius
2333 2090 2664 2156 alienando

281 2199 669 2281 quemqnam
709 2193 893 2259 fallat
920 2192 993 2273 ⁹).
1041 2194 1303 2259 Praeter
1340 2196 1704 2259 vicinorum
1740 2198 2168 2279 praesentiam
2188 2244 2202 2272 ,
2241 2202 2315 2259 ut
2339 2199 2664 2282 consigne-

280 2308 387 2366 tur
421 2303 579 2365 actis
607 2299 679 2380 3),
722 2302 992 2384 requirit
1030 2298 1520 2376 Constantinus,
1563 2301 1627 2363 et
1664 2299 1920 2364 donatio
1959 2303 2099 2384 ipsa
2139 2303 2302 2365 etex
2327 2300 2674 2367 donatione·

278 2408 535 2473 traditio
585 2404 753 2485 (Vat.
804 2405 882 2469 fr.
935 2404 1088 2470 249.
1119 2403 1156 2471 '7
1208 2426 1269 2469 v.
1318 2405 1569 2485 omnia);
1621 2404 1791 2489 quod
1837 2408 2076 2490 posteri
2123 2408 2214 2469 ita
2260 2408 2665 2490 interpretati

280 2520 459 2579 sunt:
503 2516 569 2578 et
604 2513 823 2576 irritae
859 2512 1207 2575 donationes
1245 2534 1384 2588 esse,
1427 2534 1577 2595 quae
1614 2518 1873 2574 actorum
1908 2512 2138 2574 indicia
2177 2534 2295 2575 non
2333 2514 2664 2592 kab(erent)

280 2626 359 2697 (c.
409 2620 449 2684 6
498 2618 570 2685 O.
620 2617 740 2682 Th.
791 2617 854 2683 8.
887 2617 1017 2695 12),
1066 2619 1129 2681 et
1174 2617 1587 2681 traditionem
1626 2619 2089 2701 cuiuscumque
2127 2618 2369 2703 praedii
2410 2620 2479 2680 in
2522 2627 2661 2682 acta

280 2724 673 2791 referendam
711 2746 847 2789 esse
866 2773 882 2802 ,
923 2745 1038 2788 nec
1077 2722 1261 2787 obiter
1297 2745 1435 2788 rem
1456 2722 1863 2787 immobilem
1886 2725 1970 2786 ad
1991 2745 2202 2787 novum
2225 2724 2523 2788 dominum
2548 2724 2658 2805 (al.

280 2832 630 2911 dominium)
667 2829 928 2892 transire
955 2878 968 2892 .
1000 2877 1012 2892 .
1044 2877 1058 2892 .
1090 2877 1103 2893 .
1118 2850 1301 2911 posse
1326 2826 1398 2908 4).
1446 2827 1540 2892 De
1562 2829 1907 2892 traditione
1930 2836 2344 2914 praeceptum
2369 2830 2663 2914 generale

282 2944 409 3014 est,
475 2957 512 3000 a
579 2957 703 3020 quo
763 2934 943 2998 nulla
990 2934 1282 2999 tradendi
1328 2955 1517 2998 causa
1562 2936 1901 3018 excipitur,
1955 2955 2345 3019 quamquam
2393 2935 2662 3020 speciale

282 3043 347 3106 id
407 3063 541 3106 esse
600 3041 892 3104 Brunner
917 3041 970 3120 5)
1033 3042 1393 3117 existimat,
1457 3061 1571 3104 nec
1619 3041 1845 3124 probat
1861 3060 1876 3116 3
1927 3047 1991 3104 et
2039 3044 2394 3124 supervixit
2442 3042 2664 3106 eadem

283 3148 506 3234 regula
565 3150 635 3211 in
696 3146 889 3210 edicti
951 3145 1326 3211 Theodorici
1389 3167 1522 3230 cap.
1577 3144 1684 3223 53,
1749 3146 1862 3209 ubi
1910 3147 1984 3208 de
2031 3146 2360 3209 traditione
2403 3147 2527 3211 duo
2573 3167 2665 3211 re-

292 3257 668 3345 quiruntur:
710 3241 1095 3331 vieinffirum)
1143 3252 1448 3330 seientia)
1498 3256 1563 3316 et
1594 3259 1766 3332 qesta
1803 3272 1840 3316 a
1878 3251 2265 3336 magistratu
2289 3253 2666 3336 municipali

292 3359 674 3444 conficienda.
730 3358 905 3446 Ergo
924 3406 940 3435 ,
989 3359 1104 3422 ubi
1150 3379 1249 3422 res
1295 3356 1651 3423 immobilis
1702 3356 2005 3433 donatur,
2054 3357 2220 3420 binis
2264 3359 2465 3442 gestis
2505 3379 2664 3442 opus

353 3652 407 3716 1)
451 3652 679 3700 Testatur
722 3651 883 3697 tamen
933 3648 1061 3697 idem
1107 3647 1327 3713 princeps
1374 3647 1423 3695 in
1474 3647 1730 3695 donatione
1767 3663 1954 3711 quoque
1986 3650 2166 3696 efficere
2200 3663 2249 3695 se
2284 3647 2430 3716 yelle,
2469 3663 2528 3695 ne
2561 3648 2669 3711 quis

286 3734 442 3784 aliena
486 3735 563 3782 vel
607 3747 701 3780 non
734 3733 879 3794 pleno
921 3731 1030 3779 iure
1068 3732 1136 3778 ad
1176 3745 1225 3778 se
1263 3730 1559 3793 pertinentia
1602 3729 1654 3777 in
1700 3729 1849 3777 alium
1885 3729 2226 3778 transscribere
2260 3730 2410 3794 possit
2445 3732 2501 3792 (c.
2541 3732 2570 3778 3
2609 3729 2666 3779 C.

290 3816 374 3864 Th.
411 3817 457 3864 8.
480 3816 577 3874 12).

348 3897 404 3961 2)
450 3897 649 3945 Horum
697 3894 820 3943 illud
866 3895 991 3959 apud
1041 3893 1222 3956 Anglos
1274 3893 1453 3942 dicitur
1504 3894 1757 3957 reyistrat'
1866 3895 1933 3957 of
1971 3895 2113 3953 title,
2146 3894 2236 3942 hoc
2270 3892 2581 3956 reqistration
2616 3895 2680 3958 os

282 3981 399 4028 deed
430 3979 686 4039 (Tol-rens,
723 3979 871 4039 Euay
904 3992 964 4025 on
1000 3975 1084 4025 the
1115 3978 1339 4040 transfer
1371 3978 1441 4040 os
1466 3977 1586 4025 land
1614 3978 1671 4040 by
1707 3993 1757 4026 re
1832 3978 2043 4036 tration,
2079 3994 2125 4041 p.
2163 3978 2233 4040 9).
2403 3977 2416 3989 ‘

350 4063 406 4122 3)
453 4057 808 4121 Intelliguntur
851 4057 1024 4106 iudicia
1057 4061 1189 4120 gesta
1224 4058 1359 4111 (Vat.
1400 4059 1458 4107 fr.
1496 4059 1608 4107 249.
1632 4058 1704 4122 7),
1741 4060 1841 4108 eius
1877 4058 2150 4124 provinciae
2183 4058 2313 4107 intra
2347 4073 2489 4120 quam
2524 4057 2670 4122 possi-

282 4143 453 4191 deatur
492 4145 555 4201 (c.
596 4141 625 4188 3
674 4140 726 4188 G.
762 4139 852 4188 Th.
892 4140 937 4187 8.
961 4139 1063 4196 12),
1107 4142 1217 4196 aut,
1264 4139 1303 4187 si
1351 4144 1513 4189 rector
1545 4139 1696 4199 absit,
1733 4140 2102 4204 magistratuum
2136 4139 2500 4204 municipalium
2537 4139 2668 4202 (Vnt.

282 4225 343 4274 fr.
378 4225 494 4274 249.
517 4225 577 4280 8;
615 4239 656 4271 c.
694 4224 740 4280 3,
776 4238 815 4270 c.
852 4223 881 4270 8
916 4221 984 4282 §1
1023 4222 1076 4269 C.
1112 4221 1200 4268 Th.
1237 4222 1409 4285 8.12).

350 4308 407 4370 4)
443 4323 483 4354 c.
521 4305 555 4354 2
590 4304 644 4352 G.
681 4303 770 4352 Th.
806 4302 1076 4352 2.29=0.
1116 4304 1140 4351 1
1179 4303 1250 4362 §2
1285 4303 1337 4351 C.
1373 4306 1487 4353 4.3.

352 4389 405 4452 5)
453 4389 553 4436 Zur
597 4385 925 4449 Rechtsqeseh.
962 4386 1047 4433 der
1090 4385 1315 4434 Urkunde
1352 4386 1372 4432 1
1413 4387 1594 4450 (1880)
1630 4403 1674 4450 p.
1714 4387 1792 4445 62,
1832 4388 1944 4435 129.
1983 4387 2172 4436 Socium
2206 4385 2386 4434 erroris
2423 4384 2666 4433 Cuiacium

276 4469 433 4518 habet.
487 4467 725 4516 Generale
773 4469 1078 4531 praeceptum
1125 4482 1224 4514 esse
1274 4467 1393 4516 vidit
1442 4469 1728 4526 Muirhead,
1779 4465 1969 4518 Introd.
2019 4469 2186 4516 histor.
2223 4467 2398 4528 (1889)
2438 4469 2549 4514 sect.
2588 4466 2666 4522 86,

276 4554 358 4601 sed
384 4551 587 4616 μείων)
624 4547 873 4596 substituit
908 4553 1067 4597 testes.

2308 4612 2370 4694 11
