3351 5463
574 284 702 354 168
1428 308 2080 358 cassanum-nomm

567 470 845 560 epistula
906 472 1074 555 ζυγὰ
1133 473 1416 553 δισχίλια
1436 522 1453 552 ,
1502 496 1577 541 ea
1621 477 1938 561 pertinere
1985 476 2284 541 videntur
2330 475 2410 541 ad
2454 473 2909 564 relevationem
2927 483 2966 549 ,⁸

567 601 761 667 quam
822 579 1143 645 calumnia
1178 581 1643 665 suspendebat.
1709 581 2003 647 Habebat
2051 584 2277 647 civitas
2324 603 2493 647 novo
2537 602 2730 647 censu
2775 600 2950 671 sexa-

566 689 751 773 ginta
792 685 976 751 milia
1019 685 1218 767 ζυγῶν
1264 689 1471 771 (epist.
1523 686 1656 768 42),
1706 688 1815 752 sed
1862 688 2220 753 conferebat
2256 691 2622 753 etiamnunc
2660 710 2695 753 e
2731 692 2948 752 vetere

566 812 758 857 censu
818 813 931 877 pro
991 794 1325 878 sexaginta
1371 793 1619 858 duobus
1667 795 1877 878 (epist.
1927 791 2062 873 47).
2111 792 2224 859 Sin
2272 797 2415 879 quis
2460 796 2737 859 miratur
2783 794 2952 855 ἕλευ-

565 898 769 978 θερικά
833 897 989 975 dici,
1055 918 1215 983 quae
1275 898 1529 984 praedia
1589 899 1913 964 tributum
1957 899 2266 985 pendant,
2316 900 2701 985 respondebo
2747 897 2952 963 libera

566 1004 692 1068 dici
711 1051 727 1080 ,
800 1006 1057 1068 canonis
1124 1003 1591 1089 patrimonialis
1661 1009 1985 1090 respectu,
2057 1026 2250 1089 quem
2316 1026 2443 1070 non
2513 1003 2783 1070 solvant.
2859 1038 2946 1051 -—-

563 1106 703 1173 Iam
722 1158 738 1187 ,
795 1114 870 1174 ut
922 1110 1001 1174 ad
1040 1107 1550 1175 Constantiniani
1590 1113 1912 1195 praecepti
1949 1090 2544 1196 interpretationem
2581 1110 2949 1175 redeamus:

567 1236 770 1299 quum
835 1218 1166 1282 statuisset
1224 1237 1363 1281 rem
1422 1215 1669 1280 nullam
1727 1219 1862 1281 sine
1912 1238 2102 1282 censu
2148 1220 2368 1282 venire
2416 1218 2674 1294 debere,
2725 1214 2954 1280 deinde

566 1322 933 1398 statuisset,
998 1320 1450 1386 alienationem
1510 1320 1762 1386 nullam
1825 1321 1961 1386 fieri
2025 1324 2158 1387 sine
2223 1324 2590 1387 testimonio
2637 1324 2914 1387 viciniae
2932 1368 2949 1397 ,

567 1428 716 1511 quia
761 1428 939 1511 prius
986 1432 1399 1512 praeceptum
1445 1426 1623 1491 nullo
1662 1427 1854 1492 modo
1892 1429 2207 1512 pertinere
2247 1433 2457 1513 potest
2493 1429 2574 1493 ad
2610 1450 2745 1506 res,
2787 1447 2951 1512 quae

566 1534 701 1596 sine
763 1552 957 1596 censu
1018 1518 1479 1617 possideantur,
1530 1532 1714 1597 alteri
1761 1539 2092 1618 praecepto
2143 1534 2386 1597 addidit
2432 1533 2826 1610 clausulam,
2874 1537 2956 1595 ut

567 1643 898 1722 pareretur
960 1640 1054 1731 ei,
1121 1637 1354 1701 etiamsi
1415 1638 1700 1701 subsellia
1717 1686 1734 1716 ,
1799 1640 1896 1701 vel
1938 1646 2008 1701 ub
2051 1640 2227 1719 vulyo
2273 1642 2450 1703 aiunt
2467 1689 2482 1718 ,
2531 1662 2772 1703 scamna
2815 1660 2954 1701 ven-

570 1745 813 1820 dantur,
878 1744 947 1808 id
1010 1748 1139 1820 est,
1206 1746 1463 1808 etiamsi
1528 1764 1601 1808 ea
1660 1748 1970 1821 veneant,
2029 1766 2223 1829 quae,
2273 1750 2348 1810 ut
2393 1767 2586 1831 supra
2631 1744 2954 1831 legimus,

569 1854 829 1935 propter
890 1848 1300 1914 sterilitatem
1365 1851 1439 1913 de
1486 1850 1714 1912 chartis
1747 1850 2017 1932 publicis
2068 1897 2083 1915 .
2113 1898 2126 1913 .
2158 1898 2171 1914 .
2203 1898 2216 1913 .
2266 1851 2514 1931 rec-ism)
2563 1851 2705 1914 sint.
2770 1848 2959 1929 Quod

569 1958 680 2039 qui
748 1976 874 2019 non
943 1954 1432 2031 intellexerunt,
1504 1954 1774 2019 alteram
1838 1958 2052 2019 utram
2113 1976 2338 2020 vocem
2401 1954 2917 2020 sollicitaverunt
2937 2000 2954 2030 ,

568 2082 681 2125 nec
746 2060 1369 2137 animadverterunt,
1419 2081 1621 2145 quum
1670 2063 1799 2124 sint
1845 2060 2124 2125 naturali
2167 2060 2630 2145 significatione
2676 2060 2916 2137 adfines
2937 2107 2954 2136 ,

568 2167 801 2230 harum
887 2165 1154 2231 alteram
1235 2187 1349 2251 per
1428 2166 1699 2231 alteram
1769 2166 2150 2231 confirmari.
2236 2166 2550 2252 Equidem
2618 2165 2956 2230 Theodoro

566 2271 939 2336 Mommsen
983 2271 1169 2356 plane
1218 2271 1555 2347 adsentior,
1595 2274 1913 2335 recusanti
1948 2272 2267 2349 subseciva,
2310 2272 2478 2357 quod
2513 2293 2628 2356 pro
2665 2270 2960 2333 subsellia

568 2377 877 2443 Huschke
923 2380 1252 2443 invexerat
1299 2377 1421 2441 fide
1468 2374 1713 2441 scilicet
1758 2376 1988 2441 Isidori
2033 2377 2432 2462 Hispalensis
2464 2377 2531 2459 l),
2575 2377 2685 2441 sed
2723 2374 2961 2439 nihilo-

567 2486 780 2573 magis
840 2486 1057 2567 ipsum
1119 2504 1346 2568 sequar
1406 2505 1645 2545 scamna
1691 2481 2164 2568 intelligentem
2213 2484 2705 2568 agrimensoria,
2755 2486 2819 2544 et
2867 2480 2960 2544 fa-

566 2594 811 2655 tentem
874 2591 1347 2654 constitutionis
1416 2594 1745 2652 auctorem
1814 2587 1991 2652 aliud
2032 2585 2084 2668 ⁹)
2151 2586 2560 2652 intellexisse.
2635 2588 2964 2651 Autumat

568 2697 741 2760 enim
789 2695 1157 2760 Mommsen
1202 2717 1499 2759 scamnum
1546 2692 2006 2775 ayrimensomm
2049 2692 2360 2776 proprium
2404 2693 2746 2758 vocabubum
2794 2713 2921 2755 esse
2941 2739 2959 2770 ,

569 2802 739 2886 quod
806 2822 1210 2886 nequaquam
1280 2822 1510 2865 verum
1580 2805 1696 2864 est.
1765 2798 1854 2863 Ut
1909 2806 2115 2864 cetera
2175 2803 2686 2884 praetermittam
2705 2846 2722 2878 ,
2788 2819 2959 2883 quae

568 2911 1023 2991 congesserunt
1082 2906 1553 2991 lexicographi,
1611 2907 1999 2969 rusticorum
2046 2926 2331 2970 sermone
2377 2926 2670 2968 scamnum
2717 2904 2961 2967 dicitur

568 3013 811 3075 crudum
852 3012 1041 3074 solum
1081 3019 1137 3075 et
1175 3011 1471 3074 immotum
1488 3059 1503 3087 ,
1547 3011 1716 3094 quod
1754 3009 2139 3096 relinquitur
2177 3013 2412 3074 arantis
2443 3007 2853 3094 indih'gentia
2880 3006 2956 3088 ³),

568 3118 737 3183 unde
798 3117 1037 3182 fiscalia
1099 3138 1357 3182 scamna
1404 3116 1510 3181 vel
1554 3116 1857 3182 subsellia
1903 3119 2351 3216 cognominata
2395 3117 2711 3180 existimo.
2771 3113 2963 3178 Trac-

567 3227 739 3290 tavit‘
797 3226 967 3289 hunc
1026 3223 1243 3288 locum
1303 3244 1506 3308 nuper
1552 3222 1785 3287 Weber
1830 3224 1898 3284 in
1947 3223 2212 3286 historia
2259 3223 2511 3306 agraria
2536 3220 2589 3300 ⁴)
2635 3222 2730 3283 ita
2777 3220 2960 3283 festi-

565 3337 809 3409 nanter,
860 3337 935 3396 ut
980 3352 1059 3395 ne
1107 3330 1339 3394 viderit
1388 3328 1647 3413 quidem
1694 3329 2033 3413 geminum
2080 3311 2326 3391 textum
2349 3375 2366 3404 ,
2417 3347 2608 3411 quem
2657 3346 2960 3390 servave-

566 3442 720 3501 runt
765 3436 967 3500 Vatic.
1017 3436 1415 3520 fragmenta,
1481 3454 1606 3518 qua
1650 3432 1729 3496 de
1775 3453 1962 3497 causa
2008 3432 2251 3496 factum
2299 3437 2430 3508 est,
2480 3436 2556 3495 ut
2603 3429 2960 3516 protulerit

568 3540 987 3604 Theodosiani
1024 3543 1241 3603 textus
1280 3539 1872 3623 interpretationem
1889 3585 1906 3613 ,
1950 3558 2109 3622 quae
2143 3537 2512 3612 collabatur,
2553 3555 2759 3619 quum
2785 3534 2962 3600 alter

569 3643 965 3708 adhibeatur.

639 3891 692 3953 1)
728 3890 943 3938 Gromat.
978 3905 1025 3954 p.
1062 3888 1159 3936 369
1195 3901 1261 3937 vs.
1296 3885 1449 3936 25-28
1484 3885 1566 3952 (τε
1592 3884 1782 3950 Origin.
1819 3885 1922 3936 XV.
1961 3885 2064 3950 13).

636 3972 691 4034 2)
729 3971 859 4034 Quid
904 3971 969 4018 sit
1010 3969 1134 4018 illud
1177 3967 1235 4015 ab
1280 3971 1473 4016 anctore
1516 3967 1817 4016 intellectum
1862 3981 1958 4014 non
1991 3967 2219 4030 exprimit
2253 3969 2554 4030 Mommsen,
2591 3966 2728 4036 quasi
2763 3985 2863 4022 non
2899 3984 2962 4024 ea

570 4055 875 4197 1088583233
910 4130 1041 4179 dabit
1074 4127 1304 4187 Rudorff,
1338 4130 1625 4178 Feldmesser
1657 4127 1713 4175 11
1747 4143 1793 4190 p.
1831 4126 1956 4175 296¹
1970 4129 2047 4176 ⁸⁸.

635 4212 694 4280 4)
731 4209 1037 4276 Aqrarqesch.
1076 4209 1257 4275 (1891)
1290 4224 1337 4272 p.
1375 4208 1523 4262 97⁸⁸.

1567 4407 1949 4421 m
