3351 5463
696 366 827 432 306
1639 387 2138 438 Amsrormmns.

694 571 891 642 quam
936 574 1213 631 movere,
1260 553 1580 640 siquidem
1626 554 1764 620 fflic
1811 553 1998 630 δῆμος
2047 545 2421 620 universum
2467 555 2782 641 populum
2831 554 3077 642 signifi-

694 663 801 724 cat
819 707 836 737 ,
896 659 1002 724 hic
1064 681 1214 726 vero
1275 659 1541 736 δημόται
1590 665 1744 724 sunt
1776 660 2036 742 paqani.
2085 659 2311 725 Restat
2347 660 2744 740 yarrubitatie
2791 663 3072 736 crimen,

697 769 766 828 at
818 765 973 829 haec
1032 763 1405 830 ancillulam
1448 764 1686 851 gaudio
1733 765 1969 830 elatam
2007 764 2396 850 eandemque
2441 767 2591 831 vino
2637 767 2918 830 excitam
2970 765 3073 845 (cf.

700 869 875 935 1119
899 876 1019 954 sq.)
1064 872 1333 936 minime
1377 870 1653 936 dedecet.
1702 871 1793 936 Ut
1838 873 1994 936 haec
2038 873 2246 957 igitur
2292 873 2460 936 tueri
2504 892 2628 935 non
2677 871 2907 936 dubito
2929 919 2946 948 ,
2988 873 3072 934 ita

696 978 955 1041 omnino
1017 976 1179 1040 facio
1224 998 1375 1042 cum
1421 977 1641 1041 eodem
1691 982 1988 1062 corrupta
2033 978 2430 1042 existimanti
2479 997 2640 1061 quae
2685 978 2803 1042 hos
2853 995 3070 1042 versus

694 1083 1024 1166 excipiunt
1068 1082 1262 1147 verba
1306 1084 1398 1146 sic
1443 1081 1712 1147 tradita:

1863 1187 2023 1252 πολὺ
2073 1187 2124 1252 δ’
2174 1186 2628 1265 ὑπερπέπαικεν
2675 1183 2756 1250 αὖ

921 1292 1149 1358 τούτων
1196 1291 1577 1356 ἀπάντων
1628 1293 1714 1357 τὰ
1764 1291 1950 1358 Θάσι’
1997 1293 2405 1372 ἀμφορείδια·

922 1398 983 1461 ἐν
1030 1405 1106 1478 τῇ
1157 1403 1411 1479 κεφαλῇ
1460 1397 1588 1478 γὰρ
1637 1397 1888 1474 ἐμμένει
1939 1397 2132 1462 πολὺν
2177 1396 2408 1477 χρόνον,

921 1503 1006 1565 τὰ
1054 1501 1106 1565 δ’
1155 1499 1305 1565 ἀλλ’
1352 1502 1804 1576 ἀπανθήσαντα
1858 1501 2045 1567 πάντ’
2093 1501 2446 1566 ἀπέπτετο·

922 1603 1066 1670 ὥστ’
1116 1607 1244 1671 ἐστὶ
1292 1605 1454 1706 πολὺ
1500 1606 1851 1686 βέλτιστα,
1903 1607 2062 1673 πολὺ
2111 1608 2264 1685 δῆτ’,
2313 1603 2355 1670 ὦ
2405 1606 2554 1670 θεοί·

698 1710 820 1776 Vix
854 1717 1068 1778 tamen
1108 1713 1459 1797 quidquam
1497 1712 1825 1798 proficitur
1861 1715 1986 1779 viri
2023 1714 2380 1778 acutissimi
2404 1713 2784 1777 coniecturis
2809 1707 3058 1776 ἅπαντα

695 1822 903 1882 ταῦτα
976 1823 1091 1883 aut
1157 1814 1420 1882 ἅπαντα
1490 1815 1707 1882 τᾶλλα
1728 1867 1745 1897 ,
1817 1821 1967 1904 quia
2023 1819 2124 1882 his
2184 1822 2448 1883 sanatur
2507 1815 2768 1902 quidem
2829 1816 3055 1879 vitium

694 1925 1124 2009 syntecticum
1142 1971 1158 2000 ,
1229 1923 1339 1989 sed
1407 1928 1625 1988 manet
1695 1923 1820 1988 alia
1887 1923 1994 1989 vel
2063 1925 2267 1988 maior
2333 1943 2437 1986 me
2502 1920 2713 1986 iudice
2785 1919 3052 1984 offensio.

694 2028 942 2114 Nempe
984 2031 1383 2114 ineptissime
1432 2029 1752 2111 amphorae
1801 2029 2053 2092 Thasiae
2098 2028 2207 2092 diu
2252 2028 2320 2090 in
2365 2026 2560 2109 capite
2597 2046 2835 2088 manere
2869 2024 3058 2088 dictae

697 2137 849 2198 sunt
866 2182 883 2211 ,
921 2133 990 2197 id
1026 2133 1197 2218 quod
1236 2133 1458 2220 procu]
1496 2134 1692 2199 dubio
1733 2134 1809 2198 de
1848 2136 1985 2199 vini
2021 2133 2241 2198 Thasii
2279 2133 2630 2218 fragrantia
2646 2179 2663 2208 ,
2705 2131 3059 2214 comparata

697 2259 847 2303 cum
908 2243 1391 2324 unguentorum
1453 2238 1640 2304 odore
1659 2287 1675 2315 ,
1739 2244 1925 2324 poeta
1971 2238 2238 2304 dixerat.
2307 2237 2702 2324 Quapropter
2747 2254 2876 2299 una
2918 2251 3057 2297 cum

696 2345 1121 2430 grammatica
1166 2347 1546 2410 sententiam
1592 2347 1952 2410 sanaverim
2000 2343 2359 2409 scribendo:

2008 2448 2166 2513 πολὺ
2219 2448 2273 2512 δ’
2322 2445 2776 2527 ὑπερπέπαικεν
2825 2437 2902 2506 αὖ

881 2552 1108 2618 τούτων
1156 2577 1251 2631 γε
1300 2552 1593 2626 τάνθος
1642 2552 1776 2635 (vel
1819 2553 1893 2619 τό
1939 2555 2006 2631 γ’
2045 2552 2246 2634 ἄνθος)
2295 2555 2379 2616 τὰ
2430 2550 2614 2616 Θάσι’
2663 2547 3054 2631 ἀμφορείδια·

881 2659 941 2720 έν
986 2669 1062 2741 τῇ
1112 2665 1373 2742 κεφαλῇ.
1414 2660 1539 2740 γὰρ
1590 2659 1839 2737 ἐμμένει
1891 2659 2083 2724 πολὺν
2128 2657 2363 2740 χρόνον,

769 2852 777 2859 ⁸
881 2765 965 2828 τὰ
1014 2763 1066 2827 δ’
1114 2762 1267 2829 ἀλλ’
1318 2765 1920 2840 ἀπανθήσαντα
1969 2764 2157 2828 πάντ’
2206 2762 2562 2855 ἀπέπτετο·
2615 2776 2755 2830 κτλ.

1685 3048 2082 3058 ——.-.——-

1849 3246 1931 3311 X.

1685 3450 1773 3495 An
1819 3447 2095 3495 rrum.

789 3616 895 3682 Vs,
946 3615 1101 3682 208.
1149 3616 1238 3693 μή
1290 3640 1391 3681 νυν
1437 3614 1682 3692 μελέτω
1731 3634 1819 3676 σοι
1867 3608 2090 3684 μηδέν·
2141 3610 2221 3678 ὥς
2270 3606 2375 3671 §cuv
2420 3604 2566 3686 γένῃ

1153 3722 1299 3798 ἀνὴρ
1347 3718 1649 3800 πρόθυμος
1699 3713 1948 3784 αὐτὸς
1995 3714 2058 3782 ἐς
2105 3712 2189 3775 τὰ
2238 3709 2635 3791 πράγματα,

1149 3824 1450 3904 βλέποντ’
1498 3819 1799 3895 ἀποδείξω
1849 3820 1905 3881 τ’
1951 3813 2226 3894 ὀξύτερον
2274 3820 2380 3880 τοῦ
2430 3814 2751 3891 Λυγκέως.

698 3935 984 3997 Annotat
1026 3932 1308 4019 Blaydes
1357 3927 1792 4009 ,,πράγματα]
1839 3920 2051 3985 πάντα
2099 3920 2278 3984 Bodl.
2332 3918 2391 3985 7.
2439 3920 2624 3985 Unde
2668 3906 3066 3993 scribendum

703 4038 990 4115 „forsant
1058 4039 1205 4115 ἀνὴρ
1266 4019 1565 4111 πρόθυμος
1618 4033 1705 4101 εἷς
1753 4027 1838 4091 τὰ
1886 4023 2100 4087 πάντα
2148 4022 2549 4102 πράγματα,
2601 4022 2805 4089 deleto
2852 4029 3069 4099 prono-

702 4146 917 4219 „mine
964 4142 1187 4218 αὐτός,
1238 4142 1423 4205 euius
1471 4140 1606 4202 vim
1652 4135 1760 4197 hic
1803 4149 1926 4193 non
1972 4129 2229 4192 omnino
2275 4128 2654 4213 perspicio.''
2702 4125 2843 4208 Ego
2882 4116 3102 4179 diser·-

698 4249 831 4311 tius
898 4247 1171 4311 dixerim
1240 4268 1345 4310 me
1406 4262 1547 4308 eam
1606 4241 1745 4303 vim
1805 4232 2038 4296 omnino
2099 4253 2218 4295 non
2279 4236 2633 4317 perspicere
2651 4281 2668 4310 ,
2733 4224 2845 4293 sed
2905 4213 3066 4283 nihil

699 4356 989 4417 moratus
1049 4350 1209 4417 mali
1268 4349 1496 4414 codicis
1557 4358 1836 4409 errorem
1897 4355 2011 4421 pro
2062 4336 2248 4409 αὐτὸς
2295 4338 2566 4405 rescribo
2613 4362 2654 4403 α
2677 4331 2793 4401 ὖθι
2816 4351 2881 4404 ς,
2927 4326 2972 4389 i·
3013 4340 3067 4384 θ·

687 4459 963 4541 posthae.
