<?xml version="1.0" encoding="UTF-8"?>
<!DOCTYPE html PUBLIC "-//W3C//DTD XHTML 1.0 Transitional//EN"
    "http://www.w3.org/TR/xhtml1/DTD/xhtml1-transitional.dtd">
<html xmlns="http://www.w3.org/1999/xhtml" xml:lang="en" lang="en">
 <head>
  <title>
</title>
<meta http-equiv="Content-Type" content="text/html;charset=utf-8" />
  <meta name='ocr-system' content='tesseract 3.04.00' />
  <meta name='ocr-capabilities' content='ocr_page ocr_carea ocr_par ocr_line ocrx_word'/>
</head>
<body>
  <div class='ocr_page' id='page_1' title='image "./mnemosynevolume04verdgoog_0393.png"; bbox 0 0 3351 5463; ppageno 0'>
   <div class='ocr_carea' id='block_1_1' title="bbox 1404 364 2810 430">
    <p class='ocr_par' dir='ltr' id='par_1_1' title="bbox 1404 364 2810 430">
     <span class='ocr_line' id='line_1_1' title="bbox 1404 364 2810 430; baseline 0.001 -2"><span class='ocrx_word' id='word_1_1' title='bbox 1404 380 1844 430; x_wconf 66' lang='lat' dir='ltr'><strong>rrmmonus.</strong></span> <span class='ocrx_word' id='word_1_2' title='bbox 2675 364 2810 429; x_wconf 80' lang='lat'><strong>383</strong></span> 
     </span>
    </p>
   </div>
   <div class='ocr_carea' id='block_1_2' title="bbox 426 545 2826 845">
    <p class='ocr_par' dir='ltr' id='par_1_2' title="bbox 426 545 2826 845">
     <span class='ocr_line' id='line_1_2' title="bbox 428 545 2826 635; baseline 0.001 -23"><span class='ocrx_word' id='word_1_3' title='bbox 428 570 491 633; x_wconf 90' lang='lat' dir='ltr'><strong>p.</strong></span> <span class='ocrx_word' id='word_1_4' title='bbox 534 545 725 614; x_wconf 75' lang='grc'>5271)</span> <span class='ocrx_word' id='word_1_5' title='bbox 764 568 924 632; x_wconf 76' lang='lat' dir='ltr'><strong>quos</strong></span> <span class='ocrx_word' id='word_1_6' title='bbox 962 548 1067 612; x_wconf 89' lang='lat' dir='ltr'><strong>hic</strong></span> <span class='ocrx_word' id='word_1_7' title='bbox 1114 549 1381 625; x_wconf 84' lang='lat' dir='ltr'><strong>omitto,</strong></span> <span class='ocrx_word' id='word_1_8' title='bbox 1430 550 1734 633; x_wconf 90' lang='lat' dir='ltr'><strong>quoniam</strong></span> <span class='ocrx_word' id='word_1_9' title='bbox 1782 553 2003 632; x_wconf 79' lang='lat' dir='ltr'><strong>postea</strong></span> <span class='ocrx_word' id='word_1_10' title='bbox 2047 553 2352 633; x_wconf 78' lang='lat' dir='ltr'><strong>repetam·</strong></span> <span class='ocrx_word' id='word_1_11' title='bbox 2403 586 2488 598; x_wconf 90' lang='lat'><strong>--</strong></span> <span class='ocrx_word' id='word_1_12' title='bbox 2535 571 2600 635; x_wconf 92' lang='lat' dir='ltr'><strong>p.</strong></span> <span class='ocrx_word' id='word_1_13' title='bbox 2641 548 2826 614; x_wconf 78' lang='lat' dir='ltr'><strong>543f</strong></span> 
     </span>
     <span class='ocr_line' id='line_1_3' title="bbox 428 651 2815 739; baseline 0.001 -22"><span class='ocrx_word' id='word_1_14' title='bbox 428 651 611 733; x_wconf 86' lang='lat'>(406,</span> <span class='ocrx_word' id='word_1_15' title='bbox 641 652 781 734; x_wconf 84' lang='lat'>13)·</span> <span class='ocrx_word' id='word_1_16' title='bbox 812 654 1009 718; x_wconf 78' lang='lat' dir='ltr'><strong>verba</strong></span> <span class='ocrx_word' id='word_1_17' title='bbox 1069 653 1177 718; x_wconf 76' lang='grc' dir='ltr'><strong><em>σύν</em></strong></span> <span class='ocrx_word' id='word_1_18' title='bbox 1241 658 1298 716; x_wconf 88' lang='grc' dir='ltr'><strong>τ’</strong></span> <span class='ocrx_word' id='word_1_19' title='bbox 1346 653 1509 718; x_wconf 78' lang='grc' dir='ltr'><strong><em>ὀστέ’</em></strong></span> <span class='ocrx_word' id='word_1_20' title='bbox 1571 651 1785 731; x_wconf 66' lang='grc' dir='ltr'><strong><em>ἀράξω</em></strong></span> <span class='ocrx_word' id='word_1_21' title='bbox 1851 652 2067 733; x_wconf 70' lang='grc' dir='ltr'><strong>(ὄσ-τέω</strong></span> <span class='ocrx_word' id='word_1_22' title='bbox 2115 651 2282 733; x_wconf 66' lang='grc' dir='ltr'><strong><em>ῥέξει</em></strong></span> <span class='ocrx_word' id='word_1_23' title='bbox 2330 654 2588 734; x_wconf 77' lang='lat' dir='ltr'><strong>codex),</strong></span> <span class='ocrx_word' id='word_1_24' title='bbox 2653 673 2815 739; x_wconf 68' lang='lat' dir='ltr'><strong>quae</strong></span> 
     </span>
     <span class='ocr_line' id='line_1_4' title="bbox 426 758 1803 845; baseline 0 -21"><span class='ocrx_word' id='word_1_25' title='bbox 426 758 604 824; x_wconf 76' lang='lat' dir='ltr'><strong>solus</strong></span> <span class='ocrx_word' id='word_1_26' title='bbox 649 759 909 845; x_wconf 83' lang='lat' dir='ltr'><strong>praebet</strong></span> <span class='ocrx_word' id='word_1_27' title='bbox 954 758 1035 838; x_wconf 87' lang='lat' dir='ltr'><strong>D,</strong></span> <span class='ocrx_word' id='word_1_28' title='bbox 1083 758 1415 824; x_wconf 87' lang='lat' dir='ltr'><strong>confirmat</strong></span> <span class='ocrx_word' id='word_1_29' title='bbox 1457 758 1803 825; x_wconf 56' lang='lat' dir='ltr'><strong>Homerum</strong></span> 
     </span>
    </p>
   </div>
   <div class='ocr_carea' id='block_1_3' title="bbox 423 969 2831 1796">
    <p class='ocr_par' dir='ltr' id='par_1_3' title="bbox 423 969 2831 1796">
     <span class='ocr_line' id='line_1_5' title="bbox 518 969 2820 1060; baseline 0.002 -24"><span class='ocrx_word' id='word_1_30' title='bbox 518 970 629 1036; x_wconf 89' lang='lat' dir='ltr'><strong>IV.</strong></span> <span class='ocrx_word' id='word_1_31' title='bbox 674 969 1065 1038; x_wconf 79' lang='lat' dir='ltr'><strong>Griticorum</strong></span> <span class='ocrx_word' id='word_1_32' title='bbox 1102 975 1493 1038; x_wconf 78' lang='lat' dir='ltr'><strong>coniecturas</strong></span> <span class='ocrx_word' id='word_1_33' title='bbox 1530 974 1774 1058; x_wconf 76' lang='lat' dir='ltr'><strong>passim</strong></span> <span class='ocrx_word' id='word_1_34' title='bbox 1814 971 2147 1037; x_wconf 85' lang='lat' dir='ltr'><strong>confirmat</strong></span> <span class='ocrx_word' id='word_1_35' title='bbox 2165 971 2365 1037; x_wconf 82' lang='lat' dir='ltr'><strong>codex</strong></span> <span class='ocrx_word' id='word_1_36' title='bbox 2387 972 2467 1037; x_wconf 90' lang='lat' dir='ltr'><strong>D.</strong></span> <span class='ocrx_word' id='word_1_37' title='bbox 2506 973 2820 1060; x_wconf 81' lang='lat' dir='ltr'><strong>Exempla</strong></span> 
     </span>
     <span class='ocr_line' id='line_1_6' title="bbox 428 1075 2817 1163; baseline 0.002 -22"><span class='ocrx_word' id='word_1_38' title='bbox 428 1076 621 1142; x_wconf 69' lang='lat' dir='ltr'><strong>affero</strong></span> <span class='ocrx_word' id='word_1_39' title='bbox 682 1078 873 1142; x_wconf 80' lang='grc' dir='ltr'>1100οτ</span> <span class='ocrx_word' id='word_1_40' title='bbox 934 1101 998 1163; x_wconf 89' lang='grc' dir='ltr'><strong>Ρ.</strong></span> <span class='ocrx_word' id='word_1_41' title='bbox 1062 1075 1201 1143; x_wconf 89' lang='grc'><strong>360</strong></span> <span class='ocrx_word' id='word_1_42' title='bbox 1262 1075 1395 1162; x_wconf 82' lang='grc'><strong>(89,</strong></span> <span class='ocrx_word' id='word_1_43' title='bbox 1426 1075 1541 1157; x_wconf 88' lang='grc'><strong>21)</strong></span> <span class='ocrx_word' id='word_1_44' title='bbox 1598 1075 1659 1140; x_wconf 73' lang='grc' dir='ltr'><strong><em>ἐν</em></strong></span> <span class='ocrx_word' id='word_1_45' title='bbox 1708 1077 1847 1157; x_wconf 84' lang='grc' dir='ltr'><strong><em>νόθῳ</em></strong></span> <span class='ocrx_word' id='word_1_46' title='bbox 1893 1077 2058 1156; x_wconf 77' lang='grc' dir='ltr'><strong>φωτὶ</strong></span> <span class='ocrx_word' id='word_1_47' title='bbox 2109 1077 2491 1155; x_wconf 69' lang='grc' dir='ltr'><strong><em>κεκραμένης</em></strong></span> <span class='ocrx_word' id='word_1_48' title='bbox 2538 1079 2713 1145; x_wconf 82' lang='lat' dir='ltr'><strong>solus</strong></span> <span class='ocrx_word' id='word_1_49' title='bbox 2758 1079 2817 1145; x_wconf 91' lang='lat' dir='ltr'><strong>D</strong></span> 
     </span>
     <span class='ocr_line' id='line_1_7' title="bbox 428 1179 2817 1266; baseline 0.001 -20"><span class='ocrx_word' id='word_1_50' title='bbox 428 1186 505 1246; x_wconf 84' lang='lat' dir='ltr'><strong>ut</strong></span> <span class='ocrx_word' id='word_1_51' title='bbox 562 1181 899 1247; x_wconf 75' lang='lat' dir='ltr'><strong>Reiskius:</strong></span> <span class='ocrx_word' id='word_1_52' title='bbox 964 1184 1027 1246; x_wconf 76' lang='grc' dir='ltr'><strong><em>ἐν</em></strong></span> <span class='ocrx_word' id='word_1_53' title='bbox 1073 1207 1122 1246; x_wconf 92' lang='grc' dir='ltr'><strong><em>ν.</em></strong></span> <span class='ocrx_word' id='word_1_54' title='bbox 1172 1183 1335 1262; x_wconf 81' lang='grc' dir='ltr'><strong><em>φωτὶ</em></strong></span> <span class='ocrx_word' id='word_1_55' title='bbox 1400 1182 1506 1246; x_wconf 77' lang='grc' dir='ltr'><strong>καὶ</strong></span> <span class='ocrx_word' id='word_1_56' title='bbox 1571 1181 1969 1262; x_wconf 72' lang='grc' dir='ltr'><strong>κεκραμένης.</strong></span> <span class='ocrx_word' id='word_1_57' title='bbox 2037 1218 2122 1231; x_wconf 89' lang='grc'>-</span> <span class='ocrx_word' id='word_1_58' title='bbox 2186 1203 2250 1266; x_wconf 90' lang='grc' dir='ltr'><strong>Ρ.</strong></span> <span class='ocrx_word' id='word_1_59' title='bbox 2302 1179 2445 1249; x_wconf 85' lang='grc'><strong>970</strong></span> <span class='ocrx_word' id='word_1_60' title='bbox 2491 1183 2672 1263; x_wconf 87' lang='grc'><strong>(236,</strong></span> <span class='ocrx_word' id='word_1_61' title='bbox 2705 1185 2817 1266; x_wconf 90' lang='grc'><strong>16)</strong></span> 
     </span>
     <span class='ocr_line' id='line_1_8' title="bbox 428 1286 2814 1367; baseline 0.001 -16"><span class='ocrx_word' id='word_1_62' title='bbox 428 1286 726 1362; x_wconf 76' lang='grc' dir='ltr'><strong><em>ἐνέπλησε</em></strong></span> <span class='ocrx_word' id='word_1_63' title='bbox 772 1287 1043 1362; x_wconf 75' lang='grc' dir='ltr'><strong>πολέμου</strong></span> <span class='ocrx_word' id='word_1_64' title='bbox 1090 1287 1265 1353; x_wconf 75' lang='lat' dir='ltr'><strong>solus</strong></span> <span class='ocrx_word' id='word_1_65' title='bbox 1310 1286 1369 1351; x_wconf 93' lang='lat' dir='ltr'>D</span> <span class='ocrx_word' id='word_1_66' title='bbox 1417 1293 1494 1352; x_wconf 84' lang='lat' dir='ltr'><strong>ut</strong></span> <span class='ocrx_word' id='word_1_67' title='bbox 1538 1287 1878 1352; x_wconf 78' lang='lat' dir='ltr'><strong>Reiskius:</strong></span> <span class='ocrx_word' id='word_1_68' title='bbox 1929 1286 2226 1362; x_wconf 80' lang='grc' dir='ltr'><strong><em>ἑνέπλησέ</em></strong></span> <span class='ocrx_word' id='word_1_69' title='bbox 2272 1309 2342 1351; x_wconf 88' lang='grc' dir='ltr'><strong>τε</strong></span> <span class='ocrx_word' id='word_1_70' title='bbox 2390 1288 2684 1367; x_wconf 79' lang='grc' dir='ltr'><strong>πολέμου.</strong></span> <span class='ocrx_word' id='word_1_71' title='bbox 2725 1327 2814 1342; x_wconf 89' lang='lat'><strong>--</strong></span> 
     </span>
     <span class='ocr_line' id='line_1_9' title="bbox 423 1390 2819 1474; baseline 0.001 -16"><span class='ocrx_word' id='word_1_72' title='bbox 423 1393 513 1458; x_wconf 85' lang='lat' dir='ltr'><strong>ib.</strong></span> <span class='ocrx_word' id='word_1_73' title='bbox 560 1394 682 1458; x_wconf 78' lang='lat' dir='ltr'><strong>sub</strong></span> <span class='ocrx_word' id='word_1_74' title='bbox 726 1397 761 1457; x_wconf 81' lang='lat' dir='ltr'><strong>&#39;e</strong></span> <span class='ocrx_word' id='word_1_75' title='bbox 804 1390 986 1472; x_wconf 75' lang='grc'><strong>(237,</strong></span> <span class='ocrx_word' id='word_1_76' title='bbox 1014 1392 1083 1474; x_wconf 89' lang='grc'><strong>2)</strong></span> <span class='ocrx_word' id='word_1_77' title='bbox 1130 1394 1182 1456; x_wconf 71' lang='lat' dir='ltr'><strong>ez</strong></span> <span class='ocrx_word' id='word_1_78' title='bbox 1232 1392 1295 1457; x_wconf 76' lang='grc' dir='ltr'><strong>δὲ</strong></span> <span class='ocrx_word' id='word_1_79' title='bbox 1344 1392 1519 1458; x_wconf 78' lang='lat' dir='ltr'><strong>solus</strong></span> <span class='ocrx_word' id='word_1_80' title='bbox 1566 1391 1627 1457; x_wconf 94' lang='lat' dir='ltr'>D</span> <span class='ocrx_word' id='word_1_81' title='bbox 1673 1395 1752 1456; x_wconf 89' lang='lat' dir='ltr'><strong>ut</strong></span> <span class='ocrx_word' id='word_1_82' title='bbox 1796 1393 1969 1457; x_wconf 88' lang='lat' dir='ltr'><strong>idem</strong></span> <span class='ocrx_word' id='word_1_83' title='bbox 2017 1395 2125 1458; x_wconf 82' lang='lat' dir='ltr'><strong>vir</strong></span> <span class='ocrx_word' id='word_1_84' title='bbox 2171 1392 2429 1458; x_wconf 77' lang='lat' dir='ltr'><strong>doctus:</strong></span> <span class='ocrx_word' id='word_1_85' title='bbox 2473 1395 2546 1458; x_wconf 68' lang='grc' dir='ltr'><strong>εἰ.</strong></span> <span class='ocrx_word' id='word_1_86' title='bbox 2597 1432 2682 1445; x_wconf 91' lang='grc'><strong>-</strong></span> <span class='ocrx_word' id='word_1_87' title='bbox 2729 1395 2819 1462; x_wconf 85' lang='lat' dir='ltr'><strong>ib.</strong></span> 
     </span>
     <span class='ocr_line' id='line_1_10' title="bbox 425 1494 2820 1588; baseline 0.001 -26"><span class='ocrx_word' id='word_1_88' title='bbox 425 1520 490 1583; x_wconf 92' lang='lat' dir='ltr'><strong>p.</strong></span> <span class='ocrx_word' id='word_1_89' title='bbox 542 1497 687 1562; x_wconf 86' lang='grc'>9811</span> <span class='ocrx_word' id='word_1_90' title='bbox 733 1497 915 1577; x_wconf 85' lang='grc'><strong>(238,</strong></span> <span class='ocrx_word' id='word_1_91' title='bbox 941 1494 1057 1579; x_wconf 88' lang='grc'><strong>27)</strong></span> <span class='ocrx_word' id='word_1_92' title='bbox 1102 1498 1370 1574; x_wconf 69' lang='grc' dir='ltr'><strong><em>ὥμείνὸνι</em></strong></span> <span class='ocrx_word' id='word_1_93' title='bbox 1426 1499 1637 1564; x_wconf 81' lang='lat' dir='ltr'><strong>idem:</strong></span> <span class='ocrx_word' id='word_1_94' title='bbox 1695 1495 1964 1574; x_wconf 71' lang='grc' dir='ltr'><strong><em>ἄμεινον.</em></strong></span> <span class='ocrx_word' id='word_1_95' title='bbox 2019 1519 2103 1548; x_wconf 66' lang='lat'><strong>³-</strong></span> <span class='ocrx_word' id='word_1_96' title='bbox 2151 1519 2217 1584; x_wconf 90' lang='grc' dir='ltr'><strong>Ρ.</strong></span> <span class='ocrx_word' id='word_1_97' title='bbox 2265 1497 2447 1564; x_wconf 90' lang='grc'>1150</span> <span class='ocrx_word' id='word_1_98' title='bbox 2495 1499 2676 1580; x_wconf 87' lang='grc'><strong>(282,</strong></span> <span class='ocrx_word' id='word_1_99' title='bbox 2709 1501 2820 1588; x_wconf 89' lang='grc'><strong>18)</strong></span> 
     </span>
     <span class='ocr_line' id='line_1_11' title="bbox 428 1602 2831 1691; baseline 0.001 -25"><span class='ocrx_word' id='word_1_100' title='bbox 428 1603 531 1666; x_wconf 69' lang='grc' dir='ltr'><strong>καὶ</strong></span> <span class='ocrx_word' id='word_1_101' title='bbox 594 1609 829 1683; x_wconf 75' lang='grc' dir='ltr'><strong><em>πρῶτον</em></strong></span> <span class='ocrx_word' id='word_1_102' title='bbox 889 1602 1067 1668; x_wconf 76' lang='lat' dir='ltr'><strong>solus</strong></span> <span class='ocrx_word' id='word_1_103' title='bbox 1114 1603 1173 1668; x_wconf 94' lang='lat' dir='ltr'>D</span> <span class='ocrx_word' id='word_1_104' title='bbox 1218 1608 1296 1668; x_wconf 86' lang='lat' dir='ltr'><strong>ut</strong></span> <span class='ocrx_word' id='word_1_105' title='bbox 1342 1603 1756 1690; x_wconf 72' lang='lat' dir='ltr'>Madvigius:</span> <span class='ocrx_word' id='word_1_106' title='bbox 1815 1603 1923 1668; x_wconf 70' lang='grc' dir='ltr'><strong>καὶ</strong></span> <span class='ocrx_word' id='word_1_107' title='bbox 1971 1603 2042 1667; x_wconf 83' lang='grc' dir='ltr'><strong>τὸ</strong></span> <span class='ocrx_word' id='word_1_108' title='bbox 2091 1611 2340 1683; x_wconf 81' lang='grc' dir='ltr'><strong><em>πρῶτον.</em></strong></span> <span class='ocrx_word' id='word_1_109' title='bbox 2393 1639 2480 1654; x_wconf 85' lang='grc'><strong>--</strong></span> <span class='ocrx_word' id='word_1_110' title='bbox 2530 1627 2594 1691; x_wconf 92' lang='grc' dir='ltr'><strong>Ρ.</strong></span> <span class='ocrx_word' id='word_1_111' title='bbox 2643 1604 2831 1670; x_wconf 83' lang='lat' dir='ltr'><strong>454f</strong></span> 
     </span>
     <span class='ocr_line' id='line_1_12' title="bbox 424 1707 2821 1796; baseline 0.001 -24"><span class='ocrx_word' id='word_1_112' title='bbox 424 1707 549 1788; x_wconf 91' lang='grc' dir='ltr'><strong>(ΠῙ</strong></span> <span class='ocrx_word' id='word_1_113' title='bbox 595 1729 658 1792; x_wconf 92' lang='grc' dir='ltr'><strong>Ρ.</strong></span> <span class='ocrx_word' id='word_1_114' title='bbox 713 1707 863 1786; x_wconf 87' lang='grc'>183,</span> <span class='ocrx_word' id='word_1_115' title='bbox 892 1707 960 1789; x_wconf 90' lang='grc'><strong>9)</strong></span> <span class='ocrx_word' id='word_1_116' title='bbox 1021 1708 1345 1786; x_wconf 68' lang='grc' dir='ltr'><strong><em>γενομένης</em></strong></span> <span class='ocrx_word' id='word_1_117' title='bbox 1392 1708 1451 1773; x_wconf 92' lang='lat' dir='ltr'>D</span> <span class='ocrx_word' id='word_1_118' title='bbox 1498 1715 1574 1774; x_wconf 83' lang='lat' dir='ltr'><strong>ut</strong></span> <span class='ocrx_word' id='word_1_119' title='bbox 1619 1709 1928 1774; x_wconf 77' lang='lat' dir='ltr'><strong>Erasmus</strong></span> <span class='ocrx_word' id='word_1_120' title='bbox 1975 1709 2328 1786; x_wconf 68' lang='grc' dir='ltr'><strong><em>γενομένης.</em></strong></span> <span class='ocrx_word' id='word_1_121' title='bbox 2380 1747 2465 1760; x_wconf 91' lang='grc'><strong>--</strong></span> <span class='ocrx_word' id='word_1_122' title='bbox 2512 1732 2577 1796; x_wconf 92' lang='grc' dir='ltr'><strong>Ρ.</strong></span> <span class='ocrx_word' id='word_1_123' title='bbox 2630 1709 2821 1779; x_wconf 84' lang='grc'>45711</span> 
     </span>
    </p>
   </div>
   <div class='ocr_carea' id='block_1_4' title="bbox 426 1795 2952 1894">
    <p class='ocr_par' dir='ltr' id='par_1_4' title="bbox 426 1795 2952 1894">
     <span class='ocr_line' id='line_1_13' title="bbox 426 1795 2952 1894; baseline 0.001 -18"><span class='ocrx_word' id='word_1_124' title='bbox 426 1811 611 1893; x_wconf 83' lang='grc'>(190,</span> <span class='ocrx_word' id='word_1_125' title='bbox 639 1811 711 1892; x_wconf 87' lang='grc'><strong>9)</strong></span> <span class='ocrx_word' id='word_1_126' title='bbox 773 1815 809 1887; x_wconf 77' lang='grc' dir='ltr'><em>ἦ</em></span> <span class='ocrx_word' id='word_1_127' title='bbox 868 1813 998 1892; x_wconf 70' lang='grc' dir='ltr'><strong>γὰρ</strong></span> <span class='ocrx_word' id='word_1_128' title='bbox 1058 1812 1304 1891; x_wconf 65' lang='grc' dir='ltr'><strong><em>ἀνδρεῖοι</em></strong></span> <span class='ocrx_word' id='word_1_129' title='bbox 1369 1812 1428 1877; x_wconf 93' lang='lat' dir='ltr'>D</span> <span class='ocrx_word' id='word_1_130' title='bbox 1490 1814 1567 1879; x_wconf 80' lang='lat' dir='ltr'><strong>ut</strong></span> <span class='ocrx_word' id='word_1_131' title='bbox 1613 1812 1947 1878; x_wconf 78' lang='lat' dir='ltr'><strong>Reiskius:</strong></span> <span class='ocrx_word' id='word_1_132' title='bbox 2002 1816 2036 1888; x_wconf 72' lang='grc' dir='ltr'><em>ἦ</em></span> <span class='ocrx_word' id='word_1_133' title='bbox 2083 1815 2198 1889; x_wconf 72' lang='grc' dir='ltr'><strong><em>μὲν</em></strong></span> <span class='ocrx_word' id='word_1_134' title='bbox 2245 1814 2490 1892; x_wconf 72' lang='grc' dir='ltr'><strong><em>ἀνδρεία</em></strong></span> <span class='ocrx_word' id='word_1_135' title='bbox 2540 1815 2673 1894; x_wconf 80' lang='lat' dir='ltr'><strong>(vel</strong></span> <span class='ocrx_word' id='word_1_136' title='bbox 2722 1817 2824 1879; x_wconf 67' lang='grc' dir='ltr'><strong><em>ἄν·</em></strong></span> <span class='ocrx_word' id='word_1_137' title='bbox 2947 1795 2952 1799; x_wconf 69' lang='lat'>,</span> 
     </span>
    </p>
   </div>
   <div class='ocr_carea' id='block_1_5' title="bbox 428 1916 2888 3776">
    <p class='ocr_par' dir='ltr' id='par_1_5' title="bbox 428 1916 2888 3776">
     <span class='ocr_line' id='line_1_14' title="bbox 431 1916 2820 2003; baseline 0.002 -23"><span class='ocrx_word' id='word_1_138' title='bbox 431 1917 615 1998; x_wconf 75' lang='grc' dir='ltr'><strong>δρία).</strong></span> <span class='ocrx_word' id='word_1_139' title='bbox 687 1954 773 1967; x_wconf 89' lang='grc'>-</span> <span class='ocrx_word' id='word_1_140' title='bbox 844 1940 907 2003; x_wconf 90' lang='grc' dir='ltr'><strong>Ρ.</strong></span> <span class='ocrx_word' id='word_1_141' title='bbox 966 1916 1159 1984; x_wconf 81' lang='lat' dir='ltr'>462f</span> <span class='ocrx_word' id='word_1_142' title='bbox 1211 1917 1393 1999; x_wconf 87' lang='grc'><strong>(203,</strong></span> <span class='ocrx_word' id='word_1_143' title='bbox 1420 1917 1535 2000; x_wconf 87' lang='grc'><strong>23)</strong></span> <span class='ocrx_word' id='word_1_144' title='bbox 1597 1920 1803 1982; x_wconf 72' lang='grc' dir='ltr'><strong><em>παθῶν</em></strong></span> <span class='ocrx_word' id='word_1_145' title='bbox 1866 1925 1978 1993; x_wconf 79' lang='grc' dir='ltr'><strong>τῆς</strong></span> <span class='ocrx_word' id='word_1_146' title='bbox 2041 1923 2258 1999; x_wconf 74' lang='grc' dir='ltr'><strong><em>ψυχῆς</em></strong></span> <span class='ocrx_word' id='word_1_147' title='bbox 2327 1920 2540 1984; x_wconf 84' lang='lat' dir='ltr'><strong>idem:</strong></span> <span class='ocrx_word' id='word_1_148' title='bbox 2612 1923 2820 1984; x_wconf 78' lang='grc' dir='ltr'><strong><em>παθῶν</em></strong></span> 
     </span>
     <span class='ocr_line' id='line_1_15' title="bbox 432 2021 2818 2107; baseline 0.001 -21"><span class='ocrx_word' id='word_1_149' title='bbox 432 2027 677 2103; x_wconf 75' lang='grc' dir='ltr'><strong>ψυχῆς.</strong></span> <span class='ocrx_word' id='word_1_150' title='bbox 740 2059 827 2072; x_wconf 88' lang='lat'><strong>--</strong></span> <span class='ocrx_word' id='word_1_151' title='bbox 890 2045 953 2107; x_wconf 87' lang='lat' dir='ltr'><strong>p.</strong></span> <span class='ocrx_word' id='word_1_152' title='bbox 1018 2021 1207 2088; x_wconf 85' lang='grc'>4630</span> <span class='ocrx_word' id='word_1_153' title='bbox 1264 2022 1447 2101; x_wconf 85' lang='grc'><strong>(204,</strong></span> <span class='ocrx_word' id='word_1_154' title='bbox 1475 2021 1543 2104; x_wconf 87' lang='grc'><strong>4)</strong></span> <span class='ocrx_word' id='word_1_155' title='bbox 1604 2022 1825 2104; x_wconf 77' lang='grc' dir='ltr'><strong><em>φθόνου</em></strong></span> <span class='ocrx_word' id='word_1_156' title='bbox 1887 2022 1946 2087; x_wconf 90' lang='lat' dir='ltr'>D</span> <span class='ocrx_word' id='word_1_157' title='bbox 2005 2027 2082 2092; x_wconf 89' lang='lat' dir='ltr'><strong>ut</strong></span> <span class='ocrx_word' id='word_1_158' title='bbox 2141 2023 2562 2088; x_wconf 77' lang='lat' dir='ltr'><strong>Abreschius:</strong></span> <span class='ocrx_word' id='word_1_159' title='bbox 2625 2025 2818 2103; x_wconf 84' lang='grc' dir='ltr'><strong><em>Φόνου</em></strong></span> 
     </span>
     <span class='ocr_line' id='line_1_16' title="bbox 430 2125 2821 2216; baseline 0.001 -24"><span class='ocrx_word' id='word_1_160' title='bbox 430 2127 714 2207; x_wconf 78' lang='grc' dir='ltr'><strong>(Φόβου).</strong></span> <span class='ocrx_word' id='word_1_161' title='bbox 766 2165 851 2178; x_wconf 88' lang='lat'><strong>--</strong></span> <span class='ocrx_word' id='word_1_162' title='bbox 913 2149 979 2213; x_wconf 91' lang='lat' dir='ltr'><strong>p.</strong></span> <span class='ocrx_word' id='word_1_163' title='bbox 1031 2126 1213 2194; x_wconf 97' lang='grc'>4640</span> <span class='ocrx_word' id='word_1_164' title='bbox 1275 2125 1461 2214; x_wconf 90' lang='grc'><strong>(207,</strong></span> <span class='ocrx_word' id='word_1_165' title='bbox 1492 2129 1603 2209; x_wconf 94' lang='grc'><strong>13)</strong></span> <span class='ocrx_word' id='word_1_166' title='bbox 1664 2129 1920 2209; x_wconf 76' lang='grc' dir='ltr'><strong><em>θεοφιλῆ</em></strong></span> <span class='ocrx_word' id='word_1_167' title='bbox 1984 2128 2097 2192; x_wconf 68' lang='grc' dir='ltr'><strong>καὶ·</strong></span> <span class='ocrx_word' id='word_1_168' title='bbox 2153 2129 2321 2208; x_wconf 70' lang='grc' dir='ltr'><strong><em>ἱερὸν</em></strong></span> <span class='ocrx_word' id='word_1_169' title='bbox 2379 2128 2438 2193; x_wconf 98' lang='lat' dir='ltr'>D</span> <span class='ocrx_word' id='word_1_170' title='bbox 2500 2134 2577 2194; x_wconf 87' lang='lat' dir='ltr'><strong>ut</strong></span> <span class='ocrx_word' id='word_1_171' title='bbox 2650 2129 2821 2216; x_wconf 76' lang='lat' dir='ltr'><strong>wyt-</strong></span> 
     </span>
     <span class='ocr_line' id='line_1_17' title="bbox 432 2232 2818 2320; baseline 0 -22"><span class='ocrx_word' id='word_1_172' title='bbox 432 2233 837 2298; x_wconf 73' lang='lat' dir='ltr'><strong>tenbachius:</strong></span> <span class='ocrx_word' id='word_1_173' title='bbox 906 2233 1159 2312; x_wconf 76' lang='grc' dir='ltr'><em>θεοφιλῆ</em></span> <span class='ocrx_word' id='word_1_174' title='bbox 1220 2234 1328 2298; x_wconf 73' lang='grc' dir='ltr'><strong>καὶ</strong></span> <span class='ocrx_word' id='word_1_175' title='bbox 1394 2235 1564 2312; x_wconf 70' lang='grc' dir='ltr'><strong><em>ἱερᾶς</em></strong></span> <span class='ocrx_word' id='word_1_176' title='bbox 1610 2233 1743 2313; x_wconf 84' lang='lat' dir='ltr'><strong>(vel</strong></span> <span class='ocrx_word' id='word_1_177' title='bbox 1788 2233 2003 2314; x_wconf 70' lang='grc' dir='ltr'><strong>ἱερὰς).</strong></span> <span class='ocrx_word' id='word_1_178' title='bbox 2053 2271 2138 2284; x_wconf 90' lang='lat'><strong>--</strong></span> <span class='ocrx_word' id='word_1_179' title='bbox 2188 2255 2250 2318; x_wconf 91' lang='grc' dir='ltr'><strong>Ρ.</strong></span> <span class='ocrx_word' id='word_1_180' title='bbox 2301 2232 2493 2299; x_wconf 89' lang='grc'>46511</span> <span class='ocrx_word' id='word_1_181' title='bbox 2539 2234 2720 2315; x_wconf 89' lang='grc'>(210,</span> <span class='ocrx_word' id='word_1_182' title='bbox 2749 2233 2818 2320; x_wconf 92' lang='grc'><strong>5)</strong></span> 
     </span>
     <span class='ocr_line' id='line_1_18' title="bbox 433 2335 2814 2423; baseline 0.002 -23"><span class='ocrx_word' id='word_1_183' title='bbox 433 2335 681 2416; x_wconf 70' lang='grc' dir='ltr'><strong><em>ἐξαιρῶν</em></strong></span> <span class='ocrx_word' id='word_1_184' title='bbox 741 2338 950 2403; x_wconf 84' lang='lat' dir='ltr'><strong>idem:</strong></span> <span class='ocrx_word' id='word_1_185' title='bbox 1015 2336 1288 2418; x_wconf 72' lang='grc' dir='ltr'><strong><em>ἐξαίρων.</em></strong></span> <span class='ocrx_word' id='word_1_186' title='bbox 1352 2373 1438 2388; x_wconf 82' lang='grc'><strong>--</strong></span> <span class='ocrx_word' id='word_1_187' title='bbox 1499 2360 1562 2423; x_wconf 89' lang='grc' dir='ltr'><strong>Ρ.</strong></span> <span class='ocrx_word' id='word_1_188' title='bbox 1611 2336 1800 2403; x_wconf 90' lang='grc'>4660</span> <span class='ocrx_word' id='word_1_189' title='bbox 1860 2337 2160 2419; x_wconf 73' lang='grc' dir='ltr'><strong><em>ἐξαιροῦσι</em></strong></span> <span class='ocrx_word' id='word_1_190' title='bbox 2223 2339 2280 2403; x_wconf 94' lang='lat' dir='ltr'>D</span> <span class='ocrx_word' id='word_1_191' title='bbox 2345 2344 2420 2403; x_wconf 87' lang='lat' dir='ltr'><strong>ut</strong></span> <span class='ocrx_word' id='word_1_192' title='bbox 2477 2339 2814 2406; x_wconf 79' lang='lat' dir='ltr'><strong>Reiskius:</strong></span> 
     </span>
     <span class='ocr_line' id='line_1_19' title="bbox 432 2440 2816 2528; baseline 0.002 -22"><span class='ocrx_word' id='word_1_193' title='bbox 432 2440 754 2520; x_wconf 73' lang='grc' dir='ltr'><strong><em>ἐξαίρουσι.</em></strong></span> <span class='ocrx_word' id='word_1_194' title='bbox 805 2479 892 2492; x_wconf 90' lang='lat'><strong>-—</strong></span> <span class='ocrx_word' id='word_1_195' title='bbox 937 2465 1001 2528; x_wconf 89' lang='lat' dir='ltr'><strong>p.</strong></span> <span class='ocrx_word' id='word_1_196' title='bbox 1051 2440 1240 2510; x_wconf 86' lang='grc'>4750</span> <span class='ocrx_word' id='word_1_197' title='bbox 1286 2441 1469 2524; x_wconf 84' lang='grc'><strong>(234,</strong></span> <span class='ocrx_word' id='word_1_198' title='bbox 1500 2441 1568 2528; x_wconf 93' lang='grc'><strong>7)</strong></span> <span class='ocrx_word' id='word_1_199' title='bbox 1608 2443 1794 2506; x_wconf 75' lang='grc' dir='ltr'><strong><em>ἐκεῖνο</em></strong></span> <span class='ocrx_word' id='word_1_200' title='bbox 1845 2442 1904 2507; x_wconf 98' lang='lat' dir='ltr'>D</span> <span class='ocrx_word' id='word_1_201' title='bbox 1954 2450 2030 2508; x_wconf 88' lang='lat' dir='ltr'><strong>ut</strong></span> <span class='ocrx_word' id='word_1_202' title='bbox 2073 2443 2412 2510; x_wconf 79' lang='lat' dir='ltr'><strong>Reiskius:</strong></span> <span class='ocrx_word' id='word_1_203' title='bbox 2463 2445 2701 2510; x_wconf 75' lang='grc' dir='ltr'><strong><em>ἐκεῖνον.</em></strong></span> <span class='ocrx_word' id='word_1_204' title='bbox 2729 2479 2816 2494; x_wconf 86' lang='lat'><strong>-—-</strong></span> 
     </span>
     <span class='ocr_line' id='line_1_20' title="bbox 428 2545 2817 2636; baseline 0 -22"><span class='ocrx_word' id='word_1_205' title='bbox 428 2571 493 2634; x_wconf 88' lang='lat' dir='ltr'><strong>p.</strong></span> <span class='ocrx_word' id='word_1_206' title='bbox 542 2545 729 2620; x_wconf 81' lang='grc'>4750</span> <span class='ocrx_word' id='word_1_207' title='bbox 776 2546 959 2628; x_wconf 85' lang='grc'><strong>(235,</strong></span> <span class='ocrx_word' id='word_1_208' title='bbox 986 2548 1100 2628; x_wconf 87' lang='grc'><strong>22)</strong></span> <span class='ocrx_word' id='word_1_209' title='bbox 1164 2550 1308 2626; x_wconf 84' lang='grc' dir='ltr'><strong><em>πρὸς</em></strong></span> <span class='ocrx_word' id='word_1_210' title='bbox 1377 2549 1487 2622; x_wconf 63' lang='grc' dir='ltr'><strong><em>τὴν</em></strong></span> <span class='ocrx_word' id='word_1_211' title='bbox 1550 2547 1755 2626; x_wconf 79' lang='grc' dir='ltr'><strong><em>τύχην</em></strong></span> <span class='ocrx_word' id='word_1_212' title='bbox 1802 2547 1861 2612; x_wconf 98' lang='lat' dir='ltr'>D</span> <span class='ocrx_word' id='word_1_213' title='bbox 1908 2554 1986 2613; x_wconf 91' lang='lat' dir='ltr'><strong>ut</strong></span> <span class='ocrx_word' id='word_1_214' title='bbox 2031 2548 2446 2636; x_wconf 76' lang='lat' dir='ltr'><strong>Madvig-ius:</strong></span> <span class='ocrx_word' id='word_1_215' title='bbox 2517 2551 2620 2614; x_wconf 73' lang='grc' dir='ltr'><strong>καὶ</strong></span> <span class='ocrx_word' id='word_1_216' title='bbox 2669 2551 2817 2631; x_wconf 83' lang='grc' dir='ltr'><strong><em>πρὸς</em></strong></span> 
     </span>
     <span class='ocr_line' id='line_1_21' title="bbox 429 2652 2811 2740; baseline 0.001 -22"><span class='ocrx_word' id='word_1_217' title='bbox 429 2655 541 2729; x_wconf 68' lang='grc' dir='ltr'><strong><em>τὴν</em></strong></span> <span class='ocrx_word' id='word_1_218' title='bbox 586 2653 789 2733; x_wconf 75' lang='grc' dir='ltr'><strong><em>τύχην</em></strong></span> <span class='ocrx_word' id='word_1_219' title='bbox 833 2652 1068 2739; x_wconf 82' lang='lat' dir='ltr'><strong>reliqui</strong></span> <span class='ocrx_word' id='word_1_220' title='bbox 1114 2659 1179 2718; x_wconf 90' lang='lat' dir='ltr'><strong>et</strong></span> <span class='ocrx_word' id='word_1_221' title='bbox 1224 2653 1553 2719; x_wconf 68' lang='lat' dir='ltr'><strong>Stobaeua</strong></span> <span class='ocrx_word' id='word_1_222' title='bbox 1606 2689 1693 2702; x_wconf 91' lang='lat'><strong>—-</strong></span> <span class='ocrx_word' id='word_1_223' title='bbox 1741 2675 1806 2740; x_wconf 90' lang='lat' dir='ltr'><strong>p.</strong></span> <span class='ocrx_word' id='word_1_224' title='bbox 1847 2652 2032 2720; x_wconf 85' lang='grc'>4820</span> <span class='ocrx_word' id='word_1_225' title='bbox 2070 2654 2254 2736; x_wconf 81' lang='grc'><strong>(253,</strong></span> <span class='ocrx_word' id='word_1_226' title='bbox 2279 2655 2396 2738; x_wconf 88' lang='grc'><strong>23)</strong></span> <span class='ocrx_word' id='word_1_227' title='bbox 2436 2657 2811 2738; x_wconf 71' lang='grc' dir='ltr'><strong><em>κουφοτέρων</em></strong></span> 
     </span>
     <span class='ocr_line' id='line_1_22' title="bbox 428 2742 2813 2846; baseline 0 -21"><span class='ocrx_word' id='word_1_228' title='bbox 428 2760 489 2825; x_wconf 91' lang='lat' dir='ltr'>D</span> <span class='ocrx_word' id='word_1_229' title='bbox 551 2766 631 2825; x_wconf 88' lang='lat' dir='ltr'><strong>ut</strong></span> <span class='ocrx_word' id='word_1_230' title='bbox 687 2742 1025 2825; x_wconf 75' lang='lat' dir='ltr'><strong>Reisldus:</strong></span> <span class='ocrx_word' id='word_1_231' title='bbox 1088 2761 1470 2841; x_wconf 79' lang='grc' dir='ltr'><strong><em>κουφότερον.</em></strong></span> <span class='ocrx_word' id='word_1_232' title='bbox 1522 2796 1608 2809; x_wconf 89' lang='lat'><strong>-·-</strong></span> <span class='ocrx_word' id='word_1_233' title='bbox 1654 2782 1719 2846; x_wconf 90' lang='lat' dir='ltr'><strong>p.</strong></span> <span class='ocrx_word' id='word_1_234' title='bbox 1770 2759 1955 2826; x_wconf 80' lang='lat'>4900</span> <span class='ocrx_word' id='word_1_235' title='bbox 2004 2759 2185 2840; x_wconf 89' lang='grc'><strong>(272,</strong></span> <span class='ocrx_word' id='word_1_236' title='bbox 2215 2761 2330 2842; x_wconf 88' lang='grc'><strong>28)</strong></span> <span class='ocrx_word' id='word_1_237' title='bbox 2393 2764 2534 2839; x_wconf 79' lang='grc' dir='ltr'><strong><em>πρὸς</em></strong></span> <span class='ocrx_word' id='word_1_238' title='bbox 2583 2760 2813 2835; x_wconf 74' lang='grc' dir='ltr'><strong>ἄλλους</strong></span> 
     </span>
     <span class='ocr_line' id='line_1_23' title="bbox 428 2865 2816 2952; baseline 0 -21"><span class='ocrx_word' id='word_1_239' title='bbox 428 2866 489 2931; x_wconf 90' lang='lat' dir='ltr'>D</span> <span class='ocrx_word' id='word_1_240' title='bbox 532 2869 613 2931; x_wconf 85' lang='lat' dir='ltr'><strong>ut</strong></span> <span class='ocrx_word' id='word_1_241' title='bbox 652 2865 994 2932; x_wconf 75' lang='lat' dir='ltr'><strong>Reiskius:</strong></span> <span class='ocrx_word' id='word_1_242' title='bbox 1038 2866 1185 2945; x_wconf 79' lang='grc' dir='ltr'><strong><em>πρὸς</em></strong></span> <span class='ocrx_word' id='word_1_243' title='bbox 1237 2866 1572 2940; x_wconf 69' lang='grc' dir='ltr'><strong>ἀλλήλους.</strong></span> <span class='ocrx_word' id='word_1_244' title='bbox 1645 2900 1736 2917; x_wconf 86' lang='grc'><strong>---</strong></span> <span class='ocrx_word' id='word_1_245' title='bbox 1794 2888 1859 2952; x_wconf 92' lang='lat' dir='ltr'><strong>p.</strong></span> <span class='ocrx_word' id='word_1_246' title='bbox 1910 2865 2093 2931; x_wconf 82' lang='lat' dir='ltr'><strong>491f</strong></span> <span class='ocrx_word' id='word_1_247' title='bbox 2130 2868 2562 2932; x_wconf 71' lang='grc' dir='ltr'><strong>καταδύωνται</strong></span> <span class='ocrx_word' id='word_1_248' title='bbox 2606 2867 2816 2932; x_wconf 73' lang='lat' dir='ltr'><strong>idemt</strong></span> 
     </span>
     <span class='ocr_line' id='line_1_24' title="bbox 431 2970 2820 3058; baseline 0.001 -22"><span class='ocrx_word' id='word_1_249' title='bbox 431 2973 895 3039; x_wconf 69' lang='grc' dir='ltr'><strong><em>κατωλύωνται.</em></strong></span> <span class='ocrx_word' id='word_1_250' title='bbox 960 3008 1045 3022; x_wconf 92' lang='lat'><strong>-—</strong></span> <span class='ocrx_word' id='word_1_251' title='bbox 1110 2994 1173 3058; x_wconf 91' lang='grc' dir='ltr'><strong>Ρ.</strong></span> <span class='ocrx_word' id='word_1_252' title='bbox 1224 2970 1416 3039; x_wconf 88' lang='grc'>51211</span> <span class='ocrx_word' id='word_1_253' title='bbox 1460 2970 1645 3054; x_wconf 84' lang='grc'><strong>(327,</strong></span> <span class='ocrx_word' id='word_1_254' title='bbox 1672 2972 1788 3055; x_wconf 89' lang='grc'><strong>24)</strong></span> <span class='ocrx_word' id='word_1_255' title='bbox 1849 2972 1908 3038; x_wconf 93' lang='lat' dir='ltr'>D</span> <span class='ocrx_word' id='word_1_256' title='bbox 1973 2977 2048 3038; x_wconf 79' lang='lat' dir='ltr'><strong>ut</strong></span> <span class='ocrx_word' id='word_1_257' title='bbox 2108 2972 2442 3039; x_wconf 75' lang='lat' dir='ltr'><strong>Reiskius:</strong></span> <span class='ocrx_word' id='word_1_258' title='bbox 2503 2974 2820 3054; x_wconf 71' lang='grc' dir='ltr'><strong>προσβάλ-</strong></span> 
     </span>
     <span class='ocr_line' id='line_1_25' title="bbox 429 3076 2816 3162; baseline 0 -20"><span class='ocrx_word' id='word_1_259' title='bbox 429 3093 625 3143; x_wconf 85' lang='grc' dir='ltr'><strong><em>λουσι.</em></strong></span> <span class='ocrx_word' id='word_1_260' title='bbox 677 3114 763 3127; x_wconf 88' lang='lat'><strong>-—</strong></span> <span class='ocrx_word' id='word_1_261' title='bbox 810 3100 873 3162; x_wconf 90' lang='lat' dir='ltr'><strong>p.</strong></span> <span class='ocrx_word' id='word_1_262' title='bbox 926 3076 1109 3142; x_wconf 89' lang='grc'>5140</span> <span class='ocrx_word' id='word_1_263' title='bbox 1156 3076 1338 3157; x_wconf 86' lang='grc'><strong>(333,</strong></span> <span class='ocrx_word' id='word_1_264' title='bbox 1365 3077 1435 3159; x_wconf 89' lang='grc'><strong>8)</strong></span> <span class='ocrx_word' id='word_1_265' title='bbox 1486 3082 1519 3153; x_wconf 77' lang='grc' dir='ltr'><strong><em>ἦ</em></strong></span> <span class='ocrx_word' id='word_1_266' title='bbox 1567 3086 1833 3155; x_wconf 71' lang='grc' dir='ltr'><strong>γλῶσσα</strong></span> <span class='ocrx_word' id='word_1_267' title='bbox 1881 3080 2171 3159; x_wconf 66' lang='grc' dir='ltr'><strong><em>ἀσπαίρει</em></strong></span> <span class='ocrx_word' id='word_1_268' title='bbox 2211 3080 2422 3145; x_wconf 87' lang='lat' dir='ltr'><strong>idem:</strong></span> <span class='ocrx_word' id='word_1_269' title='bbox 2476 3081 2509 3152; x_wconf 74' lang='grc' dir='ltr'><strong><em>ἦ</em></strong></span> <span class='ocrx_word' id='word_1_270' title='bbox 2550 3086 2816 3155; x_wconf 69' lang='grc' dir='ltr'><strong>γλῶσσα</strong></span> 
     </span>
     <span class='ocr_line' id='line_1_26' title="bbox 428 3180 2816 3268; baseline 0 -21"><span class='ocrx_word' id='word_1_271' title='bbox 428 3184 703 3263; x_wconf 70' lang='grc' dir='ltr'><strong><em>ἀπαίρει.</em></strong></span> <span class='ocrx_word' id='word_1_272' title='bbox 756 3216 841 3233; x_wconf 81' lang='lat'><strong>--</strong></span> <span class='ocrx_word' id='word_1_273' title='bbox 887 3204 950 3268; x_wconf 90' lang='lat' dir='ltr'><strong>p.</strong></span> <span class='ocrx_word' id='word_1_274' title='bbox 1003 3180 1195 3250; x_wconf 86' lang='grc'>51711</span> <span class='ocrx_word' id='word_1_275' title='bbox 1240 3182 1421 3260; x_wconf 84' lang='grc'><strong>(340,</strong></span> <span class='ocrx_word' id='word_1_276' title='bbox 1449 3182 1517 3263; x_wconf 87' lang='grc'><strong>9)</strong></span> <span class='ocrx_word' id='word_1_277' title='bbox 1564 3183 2038 3264; x_wconf 69' lang='grc' dir='ltr'><strong>εὐπρεπεστάτη</strong></span> <span class='ocrx_word' id='word_1_278' title='bbox 2092 3182 2151 3248; x_wconf 92' lang='lat' dir='ltr'>D</span> <span class='ocrx_word' id='word_1_279' title='bbox 2212 3186 2289 3249; x_wconf 84' lang='lat' dir='ltr'><strong>ut</strong></span> <span class='ocrx_word' id='word_1_280' title='bbox 2347 3184 2597 3248; x_wconf 78' lang='lat' dir='ltr'><strong>Bitschl</strong></span> <span class='ocrx_word' id='word_1_281' title='bbox 2658 3184 2816 3263; x_wconf 85' lang='lat' dir='ltr'><strong>(vid.</strong></span> 
     </span>
     <span class='ocr_line' id='line_1_27' title="bbox 430 3286 2817 3375; baseline 0 -22"><span class='ocrx_word' id='word_1_282' title='bbox 430 3287 677 3353; x_wconf 73' lang='lat' dir='ltr'><strong>Nauck.</strong></span> <span class='ocrx_word' id='word_1_283' title='bbox 732 3287 995 3375; x_wconf 77' lang='lat' dir='ltr'><strong>Fragm.</strong></span> <span class='ocrx_word' id='word_1_284' title='bbox 1066 3310 1128 3373; x_wconf 93' lang='grc' dir='ltr'><strong>Ρ.</strong></span> <span class='ocrx_word' id='word_1_285' title='bbox 1187 3286 1382 3369; x_wconf 76' lang='grc'>315);</span> <span class='ocrx_word' id='word_1_286' title='bbox 1470 3286 1912 3364; x_wconf 72' lang='grc' dir='ltr'><strong><em>εὐγενεστάτη.</em></strong></span> <span class='ocrx_word' id='word_1_287' title='bbox 1977 3324 2062 3337; x_wconf 88' lang='lat'><strong>--</strong></span> <span class='ocrx_word' id='word_1_288' title='bbox 2125 3309 2191 3373; x_wconf 91' lang='lat' dir='ltr'><strong>p.</strong></span> <span class='ocrx_word' id='word_1_289' title='bbox 2256 3288 2440 3353; x_wconf 81' lang='lat' dir='ltr'><strong>520f</strong></span> <span class='ocrx_word' id='word_1_290' title='bbox 2491 3287 2674 3370; x_wconf 82' lang='lat'>(348,</span> <span class='ocrx_word' id='word_1_291' title='bbox 2705 3288 2817 3369; x_wconf 89' lang='grc'><strong>18)</strong></span> 
     </span>
     <span class='ocr_line' id='line_1_28' title="bbox 432 3391 2888 3484; baseline 0.001 -27"><span class='ocrx_word' id='word_1_292' title='bbox 432 3394 670 3474; x_wconf 73' lang='grc' dir='ltr'><strong><em>θηρείων</em></strong></span> <span class='ocrx_word' id='word_1_293' title='bbox 715 3391 774 3456; x_wconf 98' lang='lat' dir='ltr'>D</span> <span class='ocrx_word' id='word_1_294' title='bbox 822 3398 899 3458; x_wconf 90' lang='lat' dir='ltr'><strong>ut</strong></span> <span class='ocrx_word' id='word_1_295' title='bbox 948 3392 1288 3458; x_wconf 79' lang='lat' dir='ltr'><strong>Reiskius:</strong></span> <span class='ocrx_word' id='word_1_296' title='bbox 1352 3392 1557 3471; x_wconf 74' lang='grc' dir='ltr'><strong><em>θηρίων</em></strong></span> <span class='ocrx_word' id='word_1_297' title='bbox 1605 3392 1711 3459; x_wconf 80' lang='lat' dir='ltr'><strong>vel</strong></span> <span class='ocrx_word' id='word_1_298' title='bbox 1759 3394 1962 3471; x_wconf 72' lang='grc' dir='ltr'><strong><em>θηρῶν.</em></strong></span> <span class='ocrx_word' id='word_1_299' title='bbox 2013 3430 2098 3443; x_wconf 91' lang='grc'>-</span> <span class='ocrx_word' id='word_1_300' title='bbox 2145 3416 2208 3478; x_wconf 88' lang='grc' dir='ltr'><strong>Ρ.</strong></span> <span class='ocrx_word' id='word_1_301' title='bbox 2252 3392 2443 3458; x_wconf 82' lang='grc'>52911</span> <span class='ocrx_word' id='word_1_302' title='bbox 2489 3392 2672 3473; x_wconf 87' lang='grc'><strong>(370,</strong></span> <span class='ocrx_word' id='word_1_303' title='bbox 2701 3391 2815 3474; x_wconf 88' lang='grc'><strong>27)</strong></span> <span class='ocrx_word' id='word_1_304' title='bbox 2883 3480 2888 3484; x_wconf 11' lang='grc' dir='ltr'><strong>ἦ</strong></span> 
     </span>
     <span class='ocr_line' id='line_1_29' title="bbox 428 3496 2814 3583; baseline -0 -19"><span class='ocrx_word' id='word_1_305' title='bbox 428 3500 498 3564; x_wconf 83' lang='grc' dir='ltr'><strong>τὸ</strong></span> <span class='ocrx_word' id='word_1_306' title='bbox 537 3498 833 3578; x_wconf 73' lang='grc' dir='ltr'><strong><em>βλάπτον</em></strong></span> <span class='ocrx_word' id='word_1_307' title='bbox 874 3497 933 3563; x_wconf 92' lang='lat' dir='ltr'>D</span> <span class='ocrx_word' id='word_1_308' title='bbox 979 3502 1057 3563; x_wconf 87' lang='lat' dir='ltr'><strong>ut</strong></span> <span class='ocrx_word' id='word_1_309' title='bbox 1094 3498 1498 3563; x_wconf 74' lang='lat' dir='ltr'><strong>Matthaeus:</strong></span> <span class='ocrx_word' id='word_1_310' title='bbox 1540 3498 1610 3562; x_wconf 83' lang='grc' dir='ltr'><strong>τὸ</strong></span> <span class='ocrx_word' id='word_1_311' title='bbox 1651 3498 1992 3575; x_wconf 72' lang='grc' dir='ltr'><strong><em>βλάπτειν.</em></strong></span> <span class='ocrx_word' id='word_1_312' title='bbox 2043 3532 2128 3547; x_wconf 89' lang='lat'><strong>--</strong></span> <span class='ocrx_word' id='word_1_313' title='bbox 2175 3520 2238 3583; x_wconf 90' lang='lat' dir='ltr'><strong>p.</strong></span> <span class='ocrx_word' id='word_1_314' title='bbox 2267 3496 2672 3579; x_wconf 56' lang='grc'>5331101150,</span> <span class='ocrx_word' id='word_1_315' title='bbox 2699 3498 2814 3581; x_wconf 88' lang='grc'><strong>23)</strong></span> 
     </span>
     <span class='ocr_line' id='line_1_30' title="bbox 428 3602 2812 3689; baseline 0 -20"><span class='ocrx_word' id='word_1_316' title='bbox 428 3607 513 3685; x_wconf 73' lang='grc' dir='ltr'><strong>τῷ</strong></span> <span class='ocrx_word' id='word_1_317' title='bbox 573 3605 985 3669; x_wconf 73' lang='grc' dir='ltr'><strong><em>δυσωπεῖσθαι</em></strong></span> <span class='ocrx_word' id='word_1_318' title='bbox 1046 3604 1259 3669; x_wconf 87' lang='lat' dir='ltr'><strong>idem:</strong></span> <span class='ocrx_word' id='word_1_319' title='bbox 1321 3609 1431 3668; x_wconf 82' lang='grc' dir='ltr'><strong>τοῦ</strong></span> <span class='ocrx_word' id='word_1_320' title='bbox 1496 3606 1928 3670; x_wconf 76' lang='grc' dir='ltr'><strong><em>δυσωπεῖσθαι.</em></strong></span> <span class='ocrx_word' id='word_1_321' title='bbox 1996 3638 2081 3653; x_wconf 91' lang='lat'><strong>-—-</strong></span> <span class='ocrx_word' id='word_1_322' title='bbox 2144 3626 2207 3689; x_wconf 93' lang='lat' dir='ltr'><strong>p.</strong></span> <span class='ocrx_word' id='word_1_323' title='bbox 2260 3602 2448 3669; x_wconf 84' lang='grc'>5360</span> <span class='ocrx_word' id='word_1_324' title='bbox 2509 3607 2633 3670; x_wconf 71' lang='grc' dir='ltr'><strong>ἀπὸ</strong></span> <span class='ocrx_word' id='word_1_325' title='bbox 2698 3612 2812 3669; x_wconf 80' lang='grc' dir='ltr'><strong><em>τῶν</em></strong></span> 
     </span>
     <span class='ocr_line' id='line_1_31' title="bbox 430 3708 1759 3776; baseline 0.002 -3"><span class='ocrx_word' id='word_1_326' title='bbox 430 3708 590 3773; x_wconf 77' lang='grc' dir='ltr'><strong><em>ὤτων</em></strong></span> <span class='ocrx_word' id='word_1_327' title='bbox 639 3709 698 3774; x_wconf 98' lang='lat' dir='ltr'>D</span> <span class='ocrx_word' id='word_1_328' title='bbox 746 3714 823 3775; x_wconf 87' lang='lat' dir='ltr'><strong>ut</strong></span> <span class='ocrx_word' id='word_1_329' title='bbox 868 3709 1201 3775; x_wconf 74' lang='lat' dir='ltr'><strong>Reiskius:</strong></span> <span class='ocrx_word' id='word_1_330' title='bbox 1254 3709 1367 3774; x_wconf 81' lang='grc' dir='ltr'><strong>ὑπὸ</strong></span> <span class='ocrx_word' id='word_1_331' title='bbox 1414 3717 1529 3775; x_wconf 79' lang='grc' dir='ltr'><strong><em>τῶν</em></strong></span> <span class='ocrx_word' id='word_1_332' title='bbox 1574 3708 1759 3776; x_wconf 80' lang='grc' dir='ltr'><strong><em>ὤτων.</em></strong></span> 
     </span>
    </p>
   </div>
   <div class='ocr_carea' id='block_1_6' title="bbox 422 3918 2816 4533">
    <p class='ocr_par' dir='ltr' id='par_1_6' title="bbox 422 3918 2816 4533">
     <span class='ocr_line' id='line_1_32' title="bbox 520 3918 2814 4005; baseline -0 -19"><span class='ocrx_word' id='word_1_333' title='bbox 520 3921 598 3986; x_wconf 90' lang='lat' dir='ltr'><strong>V.</strong></span> <span class='ocrx_word' id='word_1_334' title='bbox 666 3920 810 3985; x_wconf 89' lang='lat' dir='ltr'><strong>Hoc</strong></span> <span class='ocrx_word' id='word_1_335' title='bbox 862 3922 1068 4005; x_wconf 86' lang='lat' dir='ltr'><strong>capite</strong></span> <span class='ocrx_word' id='word_1_336' title='bbox 1114 3919 1191 3985; x_wconf 86' lang='lat' dir='ltr'><strong>de</strong></span> <span class='ocrx_word' id='word_1_337' title='bbox 1240 3920 1530 3985; x_wconf 87' lang='lat' dir='ltr'><strong>codicum</strong></span> <span class='ocrx_word' id='word_1_338' title='bbox 1576 3919 2066 4005; x_wconf 73' lang='lat' dir='ltr'><strong>interpolatione</strong></span> <span class='ocrx_word' id='word_1_339' title='bbox 2109 3924 2362 4005; x_wconf 84' lang='lat' dir='ltr'><strong>agetur.</strong></span> <span class='ocrx_word' id='word_1_340' title='bbox 2423 3918 2631 3999; x_wconf 82' lang='lat' dir='ltr'><strong>Quam</strong></span> <span class='ocrx_word' id='word_1_341' title='bbox 2675 3941 2814 3985; x_wconf 89' lang='lat' dir='ltr'><strong>rem</strong></span> 
     </span>
     <span class='ocr_line' id='line_1_33' title="bbox 428 4025 2811 4111; baseline 0 -20"><span class='ocrx_word' id='word_1_342' title='bbox 428 4027 889 4111; x_wconf 78' lang='lat' dir='ltr'><strong>gravissimam</strong></span> <span class='ocrx_word' id='word_1_343' title='bbox 950 4044 1111 4089; x_wconf 80' lang='lat' dir='ltr'><strong>sane·</strong></span> <span class='ocrx_word' id='word_1_344' title='bbox 1164 4027 1258 4088; x_wconf 89' lang='lat' dir='ltr'><strong>ita</strong></span> <span class='ocrx_word' id='word_1_345' title='bbox 1326 4025 1609 4090; x_wconf 81' lang='lat' dir='ltr'><strong>tractabo</strong></span> <span class='ocrx_word' id='word_1_346' title='bbox 1629 4073 1644 4103; x_wconf 90' lang='lat'>,</span> <span class='ocrx_word' id='word_1_347' title='bbox 1713 4030 1792 4089; x_wconf 84' lang='lat' dir='ltr'><strong>ut</strong></span> <span class='ocrx_word' id='word_1_348' title='bbox 1853 4045 1890 4089; x_wconf 91' lang='lat' dir='ltr'><strong>a</strong></span> <span class='ocrx_word' id='word_1_349' title='bbox 1949 4026 2306 4089; x_wconf 82' lang='lat' dir='ltr'><strong>minoribus</strong></span> <span class='ocrx_word' id='word_1_350' title='bbox 2351 4025 2433 4090; x_wconf 87' lang='lat' dir='ltr'><strong>ad</strong></span> <span class='ocrx_word' id='word_1_351' title='bbox 2478 4028 2776 4111; x_wconf 82' lang='lat' dir='ltr'><strong>graviora</strong></span> <span class='ocrx_word' id='word_1_352' title='bbox 2794 4075 2811 4105; x_wconf 90' lang='lat'><strong><em>,</em></strong></span> 
     </span>
     <span class='ocr_line' id='line_1_34' title="bbox 428 4128 2816 4216; baseline -0 -20"><span class='ocrx_word' id='word_1_353' title='bbox 428 4152 467 4196; x_wconf 86' lang='lat' dir='ltr'><strong>a</strong></span> <span class='ocrx_word' id='word_1_354' title='bbox 503 4130 748 4196; x_wconf 86' lang='lat' dir='ltr'><strong>leviore</strong></span> <span class='ocrx_word' id='word_1_355' title='bbox 787 4129 867 4194; x_wconf 87' lang='lat' dir='ltr'><strong>ad</strong></span> <span class='ocrx_word' id='word_1_356' title='bbox 904 4128 1350 4194; x_wconf 80' lang='lat' dir='ltr'><strong>notabiliorem</strong></span> <span class='ocrx_word' id='word_1_357' title='bbox 1386 4132 1742 4214; x_wconf 76' lang='lat' dir='ltr'><strong>scripturae</strong></span> <span class='ocrx_word' id='word_1_358' title='bbox 1780 4128 1888 4195; x_wconf 83' lang='lat' dir='ltr'><strong>vel</strong></span> <span class='ocrx_word' id='word_1_359' title='bbox 1936 4130 2428 4216; x_wconf 79' lang='lat' dir='ltr'><strong>discrepantiam</strong></span> <span class='ocrx_word' id='word_1_360' title='bbox 2473 4129 2582 4196; x_wconf 85' lang='lat' dir='ltr'><strong>vel</strong></span> <span class='ocrx_word' id='word_1_361' title='bbox 2624 4132 2816 4195; x_wconf 87' lang='lat' dir='ltr'><strong>inter-</strong></span> 
     </span>
     <span class='ocr_line' id='line_1_35' title="bbox 424 4233 2813 4323; baseline 0.001 -23"><span class='ocrx_word' id='word_1_362' title='bbox 424 4234 819 4323; x_wconf 89' lang='lat' dir='ltr'><strong>polationem</strong></span> <span class='ocrx_word' id='word_1_363' title='bbox 864 4239 1043 4314; x_wconf 88' lang='lat' dir='ltr'><strong>(nam</strong></span> <span class='ocrx_word' id='word_1_364' title='bbox 1082 4235 1146 4297; x_wconf 89' lang='lat' dir='ltr'><strong>h.</strong></span> <span class='ocrx_word' id='word_1_365' title='bbox 1172 4233 1217 4298; x_wconf 93' lang='lat'><strong>1.</strong></span> <span class='ocrx_word' id='word_1_366' title='bbox 1258 4234 1432 4301; x_wconf 87' lang='lat' dir='ltr'><strong>idem</strong></span> <span class='ocrx_word' id='word_1_367' title='bbox 1471 4235 1601 4299; x_wconf 89' lang='lat' dir='ltr'><strong>fere</strong></span> <span class='ocrx_word' id='word_1_368' title='bbox 1640 4240 1764 4316; x_wconf 82' lang='lat' dir='ltr'><strong>est)</strong></span> <span class='ocrx_word' id='word_1_369' title='bbox 1803 4236 2126 4321; x_wconf 85' lang='lat' dir='ltr'><strong>gradatim</strong></span> <span class='ocrx_word' id='word_1_370' title='bbox 2161 4234 2552 4321; x_wconf 73' lang='lat' dir='ltr'><strong>progrediar.</strong></span> <span class='ocrx_word' id='word_1_371' title='bbox 2600 4238 2813 4321; x_wconf 89' lang='lat' dir='ltr'><strong>Atque</strong></span> 
     </span>
     <span class='ocr_line' id='line_1_36' title="bbox 424 4339 2815 4427; baseline -0.001 -20"><span class='ocrx_word' id='word_1_372' title='bbox 424 4362 609 4427; x_wconf 78' lang='lat' dir='ltr'><strong>sporo</strong></span> <span class='ocrx_word' id='word_1_373' title='bbox 655 4341 789 4406; x_wconf 87' lang='lat' dir='ltr'><strong>fore</strong></span> <span class='ocrx_word' id='word_1_374' title='bbox 828 4344 905 4404; x_wconf 93' lang='lat' dir='ltr'><strong>ut</strong></span> <span class='ocrx_word' id='word_1_375' title='bbox 949 4339 1207 4404; x_wconf 86' lang='lat' dir='ltr'><strong>tandem</strong></span> <span class='ocrx_word' id='word_1_376' title='bbox 1254 4340 1410 4424; x_wconf 88' lang='lat' dir='ltr'><strong>quid</strong></span> <span class='ocrx_word' id='word_1_377' title='bbox 1456 4339 1870 4426; x_wconf 85' lang='lat' dir='ltr'><strong>interpolatio</strong></span> <span class='ocrx_word' id='word_1_378' title='bbox 1917 4340 1994 4404; x_wconf 90' lang='lat' dir='ltr'><strong>ab</strong></span> <span class='ocrx_word' id='word_1_379' title='bbox 2041 4339 2528 4426; x_wconf 86' lang='lat' dir='ltr'><strong>interpolatione</strong></span> <span class='ocrx_word' id='word_1_380' title='bbox 2568 4340 2815 4407; x_wconf 84' lang='lat' dir='ltr'><strong>differat</strong></span> 
     </span>
     <span class='ocr_line' id='line_1_37' title="bbox 422 4444 2811 4533; baseline 0 -21"><span class='ocrx_word' id='word_1_381' title='bbox 422 4451 539 4513; x_wconf 85' lang='lat' dir='ltr'><strong>a&#39;ut</strong></span> <span class='ocrx_word' id='word_1_382' title='bbox 574 4448 687 4531; x_wconf 91' lang='lat' dir='ltr'><strong>qui</strong></span> <span class='ocrx_word' id='word_1_383' title='bbox 724 4445 968 4511; x_wconf 80' lang='lat' dir='ltr'><strong>codices</strong></span> <span class='ocrx_word' id='word_1_384' title='bbox 1006 4466 1228 4511; x_wconf 85' lang='lat' dir='ltr'><strong>revera</strong></span> <span class='ocrx_word' id='word_1_385' title='bbox 1266 4444 1637 4531; x_wconf 79' lang='lat' dir='ltr'><strong>interpolati</strong></span> <span class='ocrx_word' id='word_1_386' title='bbox 1668 4447 1802 4510; x_wconf 80' lang='lat' dir='ltr'><strong>sint</strong></span> <span class='ocrx_word' id='word_1_387' title='bbox 1823 4444 2061 4511; x_wconf 75' lang='lat' dir='ltr'><strong>melius</strong></span> <span class='ocrx_word' id='word_1_388' title='bbox 2082 4445 2521 4533; x_wconf 77' lang='lat' dir='ltr'><strong>intellegatur.</strong></span> <span class='ocrx_word' id='word_1_389' title='bbox 2569 4446 2811 4533; x_wconf 88' lang='lat' dir='ltr'><strong>Incipio</strong></span> 
     </span>
    </p>
   </div>
  </div>
 </body>
</html>
