3351 5463
289 1044 433 1135 DE
489 1046 838 1139 oAssH
894 1048 1257 1142 DIoNIs
1312 1051 2017 1155 zoNARAEQUE
2076 1024 2613 1150 HISTORIIS

950 1190 1475 1281 EPISTULA
1532 1191 1960 1284 ORIrIoA

1401 1372 1516 1445 AD

497 1533 1015 1627 URSULUM
1073 1535 1685 1629 PHILIPPUM
1743 1540 2407 1683 BOISSEVAIN.

1338 1772 1585 1815 SCRIPSIT

1154 1954 1237 2020 K.
1306 1954 1807 2023 KUIPER.·

1247 2248 1675 2291 ἥκω-...-

351 2492 646 2559 Multum
694 2494 903 2571 abest,
953 2493 1366 2559 dilectissime
1413 2496 1782 2561 Boissevain
1802 2545 1817 2573 ,
1866 2502 1940 2560 ut
1988 2498 2325 2563 consilium
2371 2504 2649 2585 ceperim

260 2622 373 2686 per
418 2599 736 2685 epistulae
782 2602 1039 2664 criticae
1086 2600 1358 2665 formam
1403 2600 1618 2684 palam
1659 2606 1724 2665 te
1762 2601 2100 2679 laudandi,
2141 2602 2245 2668 vel
2284 2604 2511 2669 Dionis
2548 2608 2648 2669 tui

260 2708 493 2771 merita
527 2720 748 2771 ‘coram
795 2704 1252 2792 Mnemosynes
1297 2706 1640 2787 lectoribus
1688 2706 2060 2792 exponendi.
2108 2708 2329 2794 Neque
2370 2714 2544 2776 enim
2580 2711 2648 2775 id

261 2815 416 2876 sinit
483 2812 796 2876 modestia
864 2816 1010 2888 tua,
1091 2833 1295 2896 neque
1359 2815 1681 2877 amicitiae
1740 2820 1993 2879 nostrae
2056 2814 2233 2901 leges
2294 2816 2421 2882 tale
2494 2818 2649 2901 quid

263 2918 510 2994 ferunt3
562 2921 627 2981 et
674 2919 942 2980 minime
990 2922 1061 2980 tu
1108 2918 1370 3001 quidem
1416 2939 1559 2982 meo
1608 2939 1757 3006 eges
1804 2907 2155 3006 praeconio,
2212 2919 2451 2986 Verum
2499 2943 2649 2986 cum

263 3029 410 3089 ante
477 3043 713 3108 paucos
785 3043 1034 3087 menses
1104 3023 1183 3087 ad
1249 3046 1355 3089 me
1425 3023 1700 3089 allatum
1762 3032 1927 3090 esset
1987 3026 2214 3090 Dionis
2274 3047 2309 3091 a
2368 3033 2430 3092 te
2493 3028 2651 3092 editi

261 3129 569 3195 volumen
627 3130 950 3213 primum,
1003 3129 1390 3194 nitidissime
1437 3129 2006 3194 Weidmannorum
2054 3153 2205 3196 cura
2252 3132 2609 3216 expolitum
2630 3181 2647 3210 ,

262 3237 487 3300 statim
533 3255 607 3299 ea
653 3236 853 3299 animi
899 3236 1283 3312 attentione,
1332 3257 1458 3320 qua
1511 3236 1783 3321 dignum
1841 3242 1976 3299 erat
2030 3239 2353 3302 amicitiae
2411 3238 2651 3302 donum

259 3343 742 3428 gratissimum,
793 3345 857 3406 et
905 3343 1121 3425 ipsum
1167 3343 1540 3426 scriptorem
1587 3348 1652 3406 et
1694 3342 2160 3406 observationes
2201 3349 2347 3406 tuas
2388 3347 2650 3428 egregia

262 3444 606 3534 sagacitate
669 3450 858 3530 atque
919 3446 1258 3530 prudentia
1314 3448 1599 3531 insignes
1661 3446 1943 3532 relegere
2004 3450 2203 3530 coepi.
2272 3446 2451 3526 Quod
2499 3469 2649 3512 cum

262 3553 607 3628 faciebam,
656 3557 844 3636 grata
887 3551 1292 3615 oboriebatur
1337 3552 1685 3616 recordatio
1733 3552 2238 3636 frequentissimi
2283 3551 2650 3617 litterarum

264 3660 630 3724 commercii
668 3656 837 3742 quod
875 3656 1084 3720 fuerat
1123 3657 1282 3720 mihi
1329 3663 1544 3721 tecum
1584 3679 1710 3742 quo
1751 3662 2036 3741 tempore
2062 3656 2356 3742 plagulas
2377 3656 2528 3722 libri
2554 3660 2652 3722 tui

263 3763 688 3850 inspiciendas
736 3763 901 3825 mihi
947 3764 1215 3826 comiter
1261 3765 1520 3826 mittere
1561 3763 1825 3828 solebas.
1873 3762 2117 3846 Ecquid
2156 3765 2409 3828 miraris
2428 3812 2443 3840 ,
2486 3766 2653 3828 inter

263 3869 612 3957 legendum
659 3871 896 3933 sensim
940 3867 1105 3931 mihi
1145 3871 1370 3931 natum
1406 3889 1540 3932 esse
1579 3868 1966 3933 desiderium
2009 3867 2214 3933 denuo
2254 3890 2367 3954 per
2403 3869 2651 3934 litteras
2696 3893 2699 3897 ²

266 3981 482 4041 tecum
543 3973 989 4040 confabulandi
1051 3973 1127 4038 de
1189 3975 1269 4037 iis
1328 3971 1485 4037 locis
1546 3975 1614 4037 in
1671 3975 1905 4057 quibus
1968 3977 2104 4038 sive
2152 3995 2319 4038 nunc
2363 3977 2648 4061 primum

267 4084 402 4148 sive
463 4085 647 4146 antea
709 4077 978 4144 offendi?
1025 4078 1141 4143 Est
1187 4081 1362 4145 enim
1411 4100 1483 4144 ea
1532 4082 1826 4150 omnium
1877 4083 2291 4164 antiquorum
2334 4079 2649 4144 librorum

266 4188 575 4264 conditiO,
615 4190 694 4250 ut
732 4207 982 4271 semper
1025 4205 1223 4250 novas
1266 4184 1630 4270 legentibus
1682 4186 1861 4250 nobis
1910 4188 2298 4270 suspiciones
2346 4188 2647 4264 iniciant,

267 4300 342 4358 ut
401 4313 653 4377 semper
713 4295 911 4371 etiam
973 4297 1112 4375 post
1173 4297 1271 4356 tot
1317 4291 1837 4356 doctissimorum
1884 4293 2172 4355 virorum
2221 4313 2402 4356 curas
2441 4293 2651 4357 inhae-

266 4404 446 4464 reant
491 4396 908 4482 corruptelae.
973 4395 1388 4480 Quapropter,
1441 4419 1587 4461 cum
1630 4419 1713 4483 *ne
1759 4399 1896 4480 ipse
1945 4400 2016 4459 tu
2067 4396 2323 4480 quidem
2374 4395 2649 4462 Dionem

268 4511 458 4569 tuum
521 4505 848 4568 communi
908 4500 1008 4565 illi
1070 4504 1227 4565 sorti
1285 4501 1450 4590 velis
1511 4505 1741 4580 eximi,
1792 4504 2040 4587 speravi
2084 4524 2209 4567 non
2254 4524 2514 4586 prorsus
2561 4507 2652 4568 in-
2772 4523 2783 4532 ·
