3351 5463
660 381 796 454 224
1715 397 2002 454 memus.

755 570 893 636 XV.
945 569 1005 634 5.
1084 571 1142 634 V
1134 569 1353 652 oloyesi
1412 579 1577 634 vetus
1640 579 1698 634 et
1738 569 1990 652 penitus
2051 570 2302 652 infixum
2367 576 2498 634 erat
2524 610 2530 615 -
2559 593 2728 633 arma
2773 568 3050 634 Romana

661 676 919 740 vitandi.
990 676 1062 740 In
1132 677 1233 740 his
1305 677 1693 762 explicandis
1756 679 2136 761 interpretes
2199 676 2480 740 diversas
2545 679 2684 741 vias
2743 679 3048 742 inierunt.

662 780 830 858 Alii,
882 786 955 845 ut
1002 781 1289 846 Ritterus
1310 831 1325 858 ‚
1374 791 1541 845 vetus
1589 786 1653 845 et
1701 782 1951 865 infimum
2001 786 2309 866 tanquam
2355 784 2614 845 nomina
2656 781 3060 847 substantiva

661 889 1039 973 genetivum
1109 887 1347 950 vitandi
1416 909 1495 952 ex
1566 908 1633 951 se
1703 908 2087 972 suspensum
2161 893 2374 968 tenere
2429 891 2662 970 putant
2679 934 2716 964 ,.
2765 886 2910 965 alii,
2977 893 3059 952 ut

662 992 1023 1078 Draegerus
1084 995 1152 1056 in
1210 992 1399 1078 Synt.
1448 993 1599 1058 hist.
1649 1015 1712 1077 p.
1763 990 1896 1057 802
1945 993 2426 1064 substantivum
2475 995 2861 1078 cogitatione
2909 1015 3061 1078 sup-

661 1098 970 1183 plendum
1030 1119 1164 1163 esse
1224 1104 1519 1181 statuunt
1538 1146 1553 1176 ,
1623 1097 1737 1163 alii
1803 1097 2077 1174 addunt,
2135 1104 2211 1163 ut
2258 1097 2636 1183 Madvigius
2657 1146 2673 1175 ,
2723 1100 2835 1183 qui
2881 1099 3050 1163 Adv.

663 1206 802 1268 crit.
869 1202 965 1267 III
1024 1225 1085 1288 p.
1153 1202 1285 1268 235
1349 1210 1495 1289 post
1566 1211 1732 1266 vetus
1801 1203 2198 1268 intercidisse
2268 1206 2515 1268 censuit
2581 1211 2794 1269 votum.
2868 1203 3058 1268 Nihil

662 1309 896 1373 horum
956 1310 1123 1372 mihi
1184 1310 1507 1393 probatur.
1573 1309 1714 1393 Ego
1780 1310 1972 1374 verba
2031 1308 2263 1373 leviter
2325 1314 2622 1394 corrupta
2669 1310 2941 1400 arbitror
2986 1313 3060 1374 et

664 1416 770 1479 sic,
820 1414 1224 1500 corrigenda:
1307 1415 1365 1478 V
1356 1414 1577 1495 oloyeci
1622 1421 1807 1478 metus
1855 1422 1912 1478 ct
1943 1414 2198 1496 penitus
2243 1413 2495 1496 infixum
2543 1422 2672 1478 erat
2720 1439 2890 1478 amma
2935 1416 3061 1478 Ro-

665 1543 844 1583 mana
888 1519 1161 1583 vitanda.
1209 1519 1567 1606 Vologesen
1608 1523 1916 1586 metuisse
1954 1520 2274 1585 Romanos
2310 1525 2576 1606 apparet
2617 1543 2696 1584 ex
2737 1543 2808 1586 eo
2829 1569 2844 1599 ,
2886 1521 3060 1606 quod

666 1629 734 1690 in
785 1626 1006 1690 eodem
1052 1627 1171 1690 hoc
1218 1628 1423 1712 capite
1470 1630 1796 1710 sequitur:
1844 1627 2037 1707 ἐρέττω·
2083 1633 2238 1690 metu
2283 1626 2552 1689 abstruso
2596 1662 2679 1674 —-
2719 1628 3058 1708 respondet.

669 1732 813 1797 Non
874 1751 1034 1816 opus
1098 1738 1195 1796 est
1255 1733 1449 1797 verba
1511 1733 1569 1796 V
1562 1732 1784 1813 oloqesi
1829 1739 2014 1795 metus
2062 1739 2193 1794 erat
2239 1731 2550 1817 exemplis
2597 1731 2885 1810 firmare,
2945 1732 3059 1796 sed

668 1858 746 1902 ne
806 1838 948 1921 quis
996 1837 1246 1901 dubitet
1296 1839 1505 1903 citabo
1555 1860 1633 1902 ex
1682 1838 1847 1902 Ann.
1896 1836 1947 1900 Ι.
1999 1836 2084 1901 60
2131 1839 2290 1900 unde
2333 1837 2524 1900 maior
2577 1838 2828 1900 Caesari
2874 1845 3063 1900 metas-3
3172 1911 3184 1924 .

668 1947 733 2008 et
801 1941 975 2006 Hist.
1036 1941 1182 2006 ΙΙΙΙ.
1253 1941 1337 2007 39
1398 1943 1770 2026 praeccspuus
1832 1943 2125 2006 Muciano
2185 1942 2384 2006 metus⁸
2433 1965 2464 2006 e
2527 1943 2728 2008 Primo
2795 1943 3060 2008 Antonio

684 2049 954 2132 Varoque
999 2048 1203 2112 Arrio·
2645 2067 2650 2071 ·

762 2250 901 2315 XV.
970 2251 1074 2314 11.
1147 2273 1210 2315 se
1251 2254 1441 2334 fidem
1503 2251 1746 2316 interim
1765 2300 1780 2330 ,
1831 2254 2027 2317 donec
2085 2253 2216 2316 vita
2265 2254 2608 2336 suppeditet
2623 2301 2639 2330 ,
2703 2260 3061 2338 retentum-32

677 2355 772 2420 De
822 2355 953 2420 solo
1001 2356 1199 2421 Paeto
1244 2377 1453 2422 sermo
1503 2361 1621 2422 est.
1666 2357 1843 2444 Ergo
1895 2357 2302 2422 scribendum
2347 2365 2732 2422 retentarum.

756 2576 905 2648 XV.
954 2576 1061 2642 50.
1109 2577 1379 2643 Subrius
1424 2575 1663 2643 Flavus
1711 2577 2034 2643 ferebatur
2080 2578 2400 2643 Neronem
2448 2577 2714 2665 aggredi
2751 2577 3060 2656 voluisse,

674 2705 849 2770 quum
889 2687 1135 2748 ardente
1175 2687 1339 2748 domo
1376 2707 1487 2767 per
1524 2691 1748 2748 noctem
1785 2685 1900 2747 huc
1937 2685 2088 2749 ilbuc
2127 2691 2393 2749 cursaret
2425 2684 2844 2752 incustoditus.
2888 2685 3061 2751 Cum

580 2812 583 2815 ’
674 2791 1012 2876 Madvigio
1074 2790 1239 2856 Adv.
1302 2793 1439 2855 crit.
1490 2789 1585 2854 III
1644 2813 1708 2876 p.
1759 2788 1890 2856 23¹7
1941 2790 2162 2855 nullus
2210 2791 2433 2855 dubito
2483 2794 2635 2876 quin
2685 2796 3065 2876 corruptum

672 2898 758 2961 sit
820 2882 1067 2959 ardente
1124 2898 1289 2959 domo
1309 2943 1325 2973 ‚
1391 2901 1455 2959 et
1518 2916 1668 2959 cum
1731 2896 1951 2960 eodem
2000 2898 2192 2961 reicio
2237 2896 2462 2959 Haasii
2511 2897 2824 2959 abscedens
2871 2898 3061 2960 domo,

671 3001 975 3065 Proxime
1037 3001 1116 3065 ad
1176 3022 1407 3066 verum
1467 3001 1710 3066 accedit
1773 2998 2082 3066 Gronovii
2143 3002 2541 3065 coniectura:
2591 3004 2834 3065 madens
2880 3001 3077 3079 vinos

672 3106 783 3171 sed
851 3108 1067 3170 minus
1136 3127 1173 3170 a
1246 3108 1559 3191 scriptura
1628 3106 1922 3171 codicum
1984 3107 2221 3171 recedit
2281 3126 2458 3171 mea:
2523 3108 2768 3170 madens
2831 3113 3058 3170 temeto.

673 3211 933 3277 Tacitus
977 3233 1107 3277 non
1156 3213 1465 3297 abstinuit
1509 3233 1545 3277 a
1592 3211 1921 3277 vocabulis
1969 3214 2161 3297 prisci
2213 3214 2543 3277 sermonis,

668 3459 677 3467 ·
762 3430 949 3498 Hls'r.
997 3430 1049 3497 I.
1099 3431 1160 3497 5.
1210 3456 1315 3497 nec
1360 3436 1515 3500 enim
1563 3433 1647 3496 ad
1693 3434 1848 3497 hanc
1875 3434 2152 3518 formam
2198 3438 2390 3497 cetera
2431 3438 2622 3497 erant.
2664 3432 2810 3498 Voc.
2835 3434 3060 3518 forma

672 3539 742 3601 in
790 3538 997 3602 Taciti
1044 3540 1297 3624 scriptis
1345 3544 1481 3602 tam
1527 3537 1961 3623 multiplicem
2009 3542 2146 3605 vim
2192 3539 2387 3603 habet
2406 3586 2421 3616 ,
2484 3543 2560 3602 ut
2607 3560 2737 3603 non
2785 3539 3061 3603 audeam

674 3664 909 3729 negare
979 3662 1128 3708 eum
1197 3646 1291 3708 ita
1362 3646 1687 3729 scripsisse
1708 3691 1724 3721 ‚
1795 3646 2172 3729 praesertim
2245 3646 2301 3708 si
2373 3664 2818 3729 comparamus
2889 3645 3058 3714 Ann.

672 3748 853 3813 XIII.
904 3748 987 3813 41
1055 3750 1297 3834 ablaque
1358 3750 1427 3813 in
1489 3750 1732 3838 eandem
1759 3750 2037 3834 formam
2084 3752 2500 3814 decernuntur.
2566 3748 2792 3814 Nescio
2839 3753 3059 3813 tamen

564 3910 569 3914 .
672 3876 754 3920 an
798 3856 863 3919 h.
909 3854 955 3919 l.
1005 3862 1283 3940 praestet
1329 3856 1600 3920 scribere
1650 3858 1736 3919 ad
1779 3857 1933 3919 hano
1978 3878 2261 3921 normam.

765 4071 815 4136 I.
866 4072 973 4137 41.
1046 4070 1253 4138 Galba
1313 4071 1620 4158 iugulum
1683 4074 2159 4158 percussoribus
2223 4072 2486 4139 offerens
2532 4073 2735 4137 fertur
2781 4071 3056 4136 dixisse:

674 4186 918 4259 afferent
983 4201 1053 4242 ac
1104 4179 1419 4264 ferirent,
1492 4180 1548 4241 si
1618 4179 1711 4244 ita
1774 4202 1805 4242 e
1863 4179 2172 4261 repubbica
2235 4179 2558 4242 videretur.
2628 4176 2703 4241 ln
2766 4174 3062 4241 Suetonii

674 4280 879 4351 Galba
925 4282 1013 4348 20
1059 4284 1232 4348 idem
1277 4286 1379 4350 his
1434 4286 1648 4350 verbis
1702 4289 2031 4356 narratur:
2087 4292 2155 4347 ut
2211 4285 2318 4348 hoo
2364 4290 2606 4365 afferent
2647 4306 2719 4346 ac
2737 4281 3059 4367 ferirent,

676 4390 733 4454 si
778 4390 869 4452 ita
914 4390 1237 4454 videretur.
1286 4390 1585 4456 Muretus
1631 4391 1698 4455 h.
1745 4389 1790 4454 1.
1841 4390 2243 4454 scribendum
2290 4390 2595 4474 putabat:
2645 4389 2753 4451 hoc
2793 4394 3061 4467 aqerent.

676 4497 903 4561 Potius
950 4518 1020 4559 ac
1064 4498 1133 4560 in
1178 4498 1287 4561 hoc
1330 4496 1748 4563 mutandum:
1790 4502 2032 4576 afferent
2067 4498 2192 4574 hoc,
2225 4495 2526 4581 ferirent.
2575 4492 2834 4560 Tacitus
2883 4496 3062 4559 enim
