3351 5463
1242 387 1634 437 fflsonnus.
2542 369 2629 435 49

254 558 439 631 runt,
501 573 614 618 nec
662 553 856 618 πάλιν
905 573 1020 639 pro
1069 549 1238 627 αὖθις
1261 603 1278 632 ,
1325 557 1368 618 i.
1395 575 1450 619 e.-
1500 549 1763 634 ὕστερον,
1812 554 2100 639 positum
2146 549 2465 620 Graecum
2511 556 2628 617 est.

255 656 352 724 Of.
399 657 552 723 Exc.
604 656 761 725 Orit.
813 681 875 745 p.
932 656 1081 726 107.
1130 659 1206 724 Ε.
1233 661 1309 724 A.
1359 682 1422 745 p.
1476 657 1625 724 158.

341 878 534 944 Eum.
584 877 718 944 804
766 879 887 956 ἐγὼ
935 881 1060 959 γάρ
1111 880 1254 958 ὑμῖν
1304 879 1711 952 πανδίκως
1765 879 2153 961 ὑπίσχομαι,

766 980 939 1067 ἕδρας
987 1010 1058 1050 τε
1107 985 1210 1049 καὶ
1262 987 1611 1063 κευθμῶνας
1661 986 1978 1052 ἐνδίκου
2025 986 2238 1066 χθονὸς

767 1092 1265 1171 λιπαροθρόνοισιν
1318 1091 1546 1166 ἡμένας
1601 1091 1700 1154 ἐπ’
1749 1091 2049 1170 ἐσχάραις

766 1192 941 1276 ἕξειν,
993 1198 1095 1262 ὑπ’
1145 1199 1347 1262 άστῶν
1392 1198 1576 1263 τῶνδε
1626 1197 2158 1277 τιμαλφούμενος.

254 1301 395 1367 Non
456 1301 762 1376 πανδίκως
783 1352 800 1382 ,
866 1310 942 1369 ut
1004 1306 1121 1368 Ex.
1189 1305 1337 1372 orit.
1399 1307 1767 1389 imperitius
1826 1285 2195 1369 iudicabam
2254 1308 2635 1388 (proponens

255 1408 390 1473 άντ)
457 1408 680 1492 τῶνδ’),
746 1432 822 1475 ex
887 1409 1115 1476 ἐνδίκου
1161 1414 1401 1476 vitium
1447 1413 1759 1496 suscepit,
1811 1411 1919 1475 sed
1963 1413 2216 1475 inversa
2260 1412 2503 1474 ratione
2551 1410 2639 1473 ἕν-

255 1513 416 1580 δίκου
465 1537 498 1581 e
546 1515 875 1588 πανδίκως.
922 1515 995 1581 In
1044 1524 1328 1582 mentem
1375 1523 1593 1602 postea
1636 1519 1850 1592 venit,
1901 1515 2043 1580 coll.
2092 1536 2187 1580 vs.
2238 1513 2370 1580 856
2419 1515 2634 1592 τιμίαν

255 1617 445 1704 ἕδραν,
496 1621 693 1687 latere
742 1623 908 1687 ἐντί
925 1647 1019 1699 μο
1039 1646 1073 1686 υ
1093 1649 1119 1695 ς
1139 1672 1153 1701 ,
1207 1623 1316 1688 sed
1361 1625 1632 1687 minime
1682 1621 1975 1708 displicet
2022 1621 2191 1705 quod
2239 1642 2408 1686 nunc
2448 1620 2639 1708 Blay-

253 1727 503 1793 desium
555 1749 704 1814 pag.
754 1728 886 1794 298
945 1728 1131 1794 video
1178 1749 1523 1815 proponere
1572 1729 1648 1791 ἐν
1697 1735 2035 1809 μυχοῖς,
2086 1726 2229 1793 coll.
2277 1747 2373 1793 vs.
2434 1724 2631 1792 1036.

344 1945 538 2011 Eum.
589 1945 722 2012 832
1181 2001 1188 2008 .
1714 1946 1788 2012 σὺ
1838 1945 1891 2009 δ’
1941 1946 2185 2021 εὐπιθὴς
2234 1944 2365 2021 ἐμοὶ

757 2053 1042 2130 γλώσσης
1091 2053 1377 2129 ματαίας
1427 2054 1516 2128 μὴ
1565 2051 1831 2133 ’κβάλῳς
1882 2051 2012 2115 ἐπὶ
2060 2052 2313 2130 χθόνα

756 2159 988 2238 καρπὸν
1033 2156 1383 2236 Φέροντα
1435 2157 1647 2222 πάντα
1693 2160 1781 2234 μὴ
1831 2156 2125 2238 πράσσειν
2174 2161 2401 2227 καλῶς.

259 2262 537 2350 Blaydes
601 2285 664 2348 p.
713 2261 846 2327 298
913 2264 1103 2328 scribi
1163 2264 1344 2328 iubet
1410 2261 1556 2337 ἔπη
1620 2264 1909 2342 χθονὸς
1953 2261 1966 2347 Ι
2007 2264 2239 2341 καρπὸν
2301 2263 2639 2340 Φθεροῦντα

259 2371 507 2446 πάντα,
574 2371 816 2455 optime
884 2372 1008 2434 nisi
1065 2370 1259 2434 verba
1303 2370 1392 2446 μὴ
1443 2367 1740 2446 πράσσειν
1787 2375 1989 2440 καλῶς
2040 2371 2129 2433 sic
2177 2366 2502 2448 παρέλκειν
2550 2368 2643 2432 vi-

257 2474 578 2539 derentur.
658 2474 796 2562 Ego
858 2475 1175 2541 Mnemos.
1239 2475 1390 2540 XIV
1451 2497 1598 2562 pag.
1631 2473 1747 2542 -57
1812 2475 1889 2539 de
1949 2474 2087 2540 loco
2148 2473 2641 2559 impeditissimo

260 2579 624 2665 disputans,
668 2585 917 2647 servato
957 2582 1222 2662 φέροντα
1243 2628 1258 2658 ,
1301 2587 1446 2666 post
1486 2580 1653 2665 quod
1692 2583 1880 2666 posui
1918 2580 2279 2666 virgulam,
2316 2581 2642 2645 tentabam

1450 2688 1539 2764 μὴ
1587 2686 1851 2768 ’κβάλῃς
1902 2685 2091 2763 ἔπη,
2143 2686 2370 2768 χθονὶ

760 2794 989 2874 καρπὸν
1037 2794 1342 2874 Φέροντα,
1392 2793 1606 2857 πάντα
1654 2794 1743 2869 μὴ
1792 2794 2089 2873 πράσσειν
2137 2799 2364 2866 καλῶς.

269 2899 354 2961 Τιι
398 2921 613 2963 morem
657 2899 807 2962 mihi
845 2922 1057 2980 qao-ens
1103 2900 1234 2964 nobi
1280 2899 1597 2963 temeraria
1643 2900 1856 2981 linqua
1902 2901 2079 2963 verba
2127 2901 2452 2987 effundere,
2496 2923 2647 2985 quae

262 3010 455 3067 terrae
494 3027 624 3067 ewm.
645 3006 930 3089 fructum
954 3007 1183 3090 ferant
1195 3055 1211 3083 ‚
1252 3014 1322 3069 ut
1361 3007 1618 3071 omnium
1655 3000 1854 3069 rerum
1890 3013 2284 3091 consequatur
2309 3006 2644 3073 calamitas.

268 3108 478 3189 „Quas
521 3113 739 3174 innuit
786 3112 901 3176 dea
946 3111 1342 3177 calamitates
1389 3113 1684 3199 pluribus
1730 3116 2137 3200 persequitur
2176 3134 2327 3177 cum
2366 3116 2433 3177 in
2476 3134 2648 3198 prae·

267 3219 503 3303 gressis
543 3216 702 3295 (814
729 3223 912 3302 sqq.)‚
953 3223 1096 3282 tum
1137 3221 1513 3304 praesertim
1550 3222 1618 3283 in
1660 3219 2072 3305 sequentibus
2095 3219 2242 3283 inde
2268 3240 2305 3283 a
2326 3240 2419 3284 VS.
2447 3217 2646 3283 8602’.

265 3321 583 3410 Vulgatae
628 3323 918 3387 lectionis
962 3325 1519 3409 interpretationes
1559 3325 1801 3389 ibidem
1839 3327 2243 3411 impugnavi.
2296 3323 2486 3391 Certa
2523 3346 2651 3391 cor-

267 3432 462 3494 rectio
513 3427 628 3501 ἔπη
678 3450 792 3515 pro
840 3429 937 3493 ἐπὶ
991 3430 1254 3495 debetur
1290 3428 1722 3495 Wakefieldio.
1774 3430 1843 3495 Si
1883 3451 2108 3495 verum
2145 3430 2313 3495 vidit
2353 3431 2652 3517 BlaydeS,

269 3534 642 3621 corrig-enda
705 3541 948 3600 restant
1009 3536 1203 3601 verba
1263 3537 1351 3613 μὴ
1412 3535 1706 3616 πράσσειν
1773 3542 2002 3606 καλῶς.
2068 3535 2361 3621 Optima,
2411 3542 2486 3600 ut
2532 3538 2653 3603 hoc

272 3647 436 3719 utar,
487 3646 848 3707 nasceretur
893 3644 1206 3706 sententia
1254 3642 1610 3707 scribendo:

639 3749 933 3823 γλώσσης
982 3748 1268 3822 ματαίας
1313 3752 1403 3826 μὴ
1450 3748 1725 3829 ’κβάλῃς
1772 3747 1925 3827 ἔπη,
1973 3748 2187 3827 χθονὸς

638 3855 871 3934 καρπὸν
917 3855 1253 3935 φθεροῦντα
1305 3853 1519 3918 πάντα
1566 3858 1797 3933 μυρίοις
1843 3860 2076 3925 κακοῖς.

363 4058 559 4123 Eum.
609 4055 740 4121 835
790 4058 981 4133 κοίμα
1029 4063 1308 4123 κελαινοῦ
1357 4060 1729 4147 κύματος
1778 4060 1983 4137 πικρὸν
2031 4056 2229 4133 μένος.

276 4162 499 4249 Nuper
559 4165 630 4227 in
689 4162 1003 4228 Mnemos.
1057 4162 1236 4242 XXI,
1287 4188 1347 4251 p.
1401 4164 1506 4243 96,
1572 4164 1803 4230 collato
1865 4164 2079 4229 Prom.
2148 4159 2321 4226 1025
2388 4177 2657 4226 κελαι-

278 4267 681 4349 νόβρωτον
730 4268 781 4332 δ’
823 4265 988 4347 ἧπαρ
1035 4270 1481 4349 ἕκθοινάσεται,
1532 4273 1860 4337 tentabam
1903 4272 2183 4335 κελαινοῦ
2229 4268 2281 4332 δ’
2308 4266 2655 4347 ἥπατος,

276 4379 338 4439 et
393 4373 606 4439 laetus
668 4395 836 4439 nunc
882 4375 1068 4441 video
1117 4376 1528 4463 Blaydesium
1577 4380 1647 4441 in
1694 4378 1957 4443 eandem
2003 4375 2300 4441 incidisse
2348 4376 2659 4439 coniectu-

274 4501 414 4546 ram
477 4502 626 4567 pag.
678 4479 830 4546 350.
894 4480 1053 4547 Vide
1117 4489 1336 4550 autem
1394 4505 1475 4550 an
1533 4487 1603 4550 in
1663 4484 2045 4550 Prometheo
2092 4503 2208 4568 pro
2252 4480 2657 4565 impeditiore

2336 4603 2369 4649 4
