3351 5463
602 317 737 386 2¹70
1547 341 2048 392 Amsmornmns.

597 504 785 586 (238)
832 505 1179 585 ὦλγῆσετε,
1246 506 1433 587 (243)
1480 508 1848 587 ἀπολεῖσθε,
1915 507 2102 590 (246)
2152 509 2551 591 ἐπιτρίψω-θ’,
2621 509 2809 593 (251)
2858 509 2987 584 Baete

601 611 1072 690 κναισθήσεται,
1121 634 1250 678 non
1299 612 1672 680 dubitamus
1720 618 2070 700 corrigere:

1054 718 1147 782 Ἰὼ
1196 717 1511 801 Σικελία,.
1544 718 1648 782 καὶ
1700 720 1774 784 σὺ
1826 719 1881 783 δ’
1928 721 2003 792 ὥς
2054 711 2364 786 cinam?
2407 738 2504 789 „L

595 823 733 887 sive
782 822 984 893 κακῶς
1034 843 1071 887 a
1118 821 1239 888 fine
1288 825 1515 908 periit,
1568 826 1706 889 sive
1754 823 1930 904 ταχὺ
1981 823 2088 890 vel
2138 825 2344 908 τάχα.

686 1070 794 1136 Vs.
845 1069 975 1136 265
1026 1069 1194 1150 εἴπερ
1243 1075 1371 1152 γὰρ
1421 1069 1547 1148 ἥξει
1601 1074 1705 1137 τὸν
1757 1075 2166 1152 ἀλετρίβανον
2213 1075 2432 1154 φέρων,

1054 1177 1246 1258 τούτῳ
1294 1177 1641 1257 ταράξει
1693 1179 1815 1251 τὰς
1862 1181 2075 1253 πόλεις
2128 1181 2485 1256 καθήμενος.
3051 1258 3059 1263 ¹

595 1283 949 1368 Postquam
989 1283 1291 1348 Meineke
1331 1284 1709 1364 κατατρίψει
1749 1293 2183 1370 proposuerat,
2229 1307 2348 1372 ego
2385 1289 2500 1350 An.
2535 1287 2681 1350 opit.
2723 1308 2870 1373 pag.
2898 1286 2988 1352 48

592 1388 805 1454 lenius
847 1392 1092 1454 eorrexi
1132 1401 1216 1468 <κ
1236 1399 1429 1466 α>τα
1451 1388 1703 1468 ραξει.
1733 1391 2012 1456 ·Frustra
2050 1390 2331 1476 Blaydes
2371 1391 2518 1456 ooll.
2545 1393 2771 1478 Antig.
2805 1392 2980 1459 1080

594 1493 937 1580 vulgatam
977 1498 1214 1558 tuetur.
1256 1492 1425 1559 Nam
1465 1515 1578 1579 per
1616 1516 1681 1559 se
1723 1495 1980 1580 quidem
2024 1499 2268 1580 optime
2291 1497 2418 1561 dici
2440 1496 2774 1576 ταράττειν
2801 1518 2988 1562 nemo

595 1599 809 1664 hercle
856 1600 1155 1685 negabit,
1207 1599 1317 1664 sed
1364 1601 1754 1681 σξλετριβαὶνῳ
1802 1599 2135 1681 ταράττειν
2184 1602 2363 1667 πόλιν
2407 1603 2761 1668 absurdum
2807 1609 2922 1668 est.

689 1848 799 1914 Vs.
848 1847 1002 1914 283.
1630 1851 1718 1922 εἷς
1765 1851 1924 1916 τάπὶ
1978 1851 2224 1935 Θρᾴκης
2273 1851 2534 1932 χωρία

1052 1943 1403 2035 χρήσαντες
1452 1954 1667 2035 ἑτέροις
1719 1955 1906 2020 αὐτὸν
1955 1953 2070 2029 εἶτ’
2116 1957 2472 2022 ὥπώλεσαν.

596 2058 666 2124 Si
712 2064 881 2124 reete
929 2059 1264 2138 Meineke,
1316 2059 1458 2124 coll.
1501 2062 1624 2125 Av.
1672 2059 1869 2139 1369,
1910 2062 2372 2148 interpolatum
2409 2063 2724 2128 iudicavit
2762 2063 2987 2145 χωρία,

598 2164 894 2249 supplere
933 2166 1136 2250 possis
1177 2165 1241 2237 νὴ
1278 2166 1427 2230 Δία.
1471 2164 1788 2231 Additum
1810 2171 2008 2246 χωρία
2036 2166 2235 2233 Thuo.
2262 2167 2318 2232 V
2347 2166 2451 2247 12,
2477 2168 2588 2235 sed
2609 2169 2989 2255 plerumque

600 2272 947 2348 omittitur,
1002 2291 1115 2336 nee
1162 2270 1429 2336 fortassee
1474 2272 1566 2336 ibi
1616 2255 1868 2357 quoque
1916 2277 2277 2360 genuinum
2324 2281 2440 2340 est.

687 2518 794 2584 Vs.
846 2516 999 2583 289.
1050 2522 1152 2582 νῦν
1198 2521 1366 2583 τοῦτ’
1416 2519 1593 2586 ἐκεῖν’
1643 2517 1772 2595 ἥκει
1822 2521 1890 2584 τὸ
1942 2521 2486 2602 Δάτιδος-μέλος,
2537 2523 2669 2589 κτὲ.

686 2624 851 2704 Quia
911 2627 1079 2688 τοῦτ’
1145 2626 1329 2688 ἐκεῖνο
1393 2646 1505 2710 pro
1566 2626 1849 2711 simplici
1902 2632 2082 2692 τοῦτο
2129 2628 2236 2695 vel
2283 2629 2472 2694 ἐκεῖνο
2517 2651 2646 2695 non
2692 2636 2986 2717 ponatur,

594 2729 871 2817 Blaydes
918 2731 1309 2817 distinguit:
1340 2816 1345 2823 Ι

1052 2840 1151 2900 νῦν
1202 2838 1370 2901 τοῦτ’
1421 2835 1639 2900 ἐκεῖν’·
1693 2834 1820 2912 ἥκει
1871 2852 2012 2903 κτλ.

596 2937 766 3007 Cum
813 2944 1027 3006 tamen
1075 2941 1353 3006 formula
1398 2945 1566 3007 τοῦτ’
1612 2944 1800 3008 ἐκεῖνο
1847 2945 2014 3009 nude
2059 2948 2214 3029 poni
2259 2944 2459 3012 soleat
2505 2952 2569 3011 et
2615 2947 2846 3013 vocula
2885 2952 2988 3013 νῦν
3087 2996 3092 3001 .

519 3042 549 3120 ’,
595 3050 913 3134 pertineat
966 3046 1045 3112 ad
1093 3044 1224 3122 ἥκει
1245 3096 1261 3125 ,
1311 3050 1526 3132 potius
1574 3048 2011 3135 distinguam:

1051 3157 1173 3233 νῦν,
1221 3150 1393 3217 τοῦτ’
1446 3154 1652 3237 ἐκεῖν’,
1703 3155 1833 3231 ἥκει
1881 3156 1951 3219 τὸ
2004 3155 2268 3229 Δάτιδος
2319 3156 2528 3234 μέλος.

592 3257 835 3323 Iniuria
897 3258 1068 3323 idem
1117 3259 1325 3323 haesit
1370 3262 1438 3323 in
1486 3257 1613 3333 ἥκει
1634 3308 1651 3339 ,
1702 3261 1872 3345 quod
1919 3284 2030 3325 usu
2077 3261 2242 3325 venit
2287 3261 2606 3348 signifieat
2625 3310 2642 3339 ‚
2691 3269 2767 3328 ut
2814 3264 2981 3330 Plat.

592 3363 987 3449 Euthydem.
1036 3386 1099 3449 p.
1144 3364 1275 3430 296
1302 3365 1355 3428 Β
1399 3368 1567 3429 τοῦτ’
1609 3367 1818 3445 ἐκεῖνο,
1863 3366 2020 3447 ἔφη,
2065 3354 2192 3442 ἥκει
2233 3368 2303 3432 τὸ
2344 3367 2497 3433 αὐτὸ
2539 3368 2986 3449 παράφθεγμα

592 3475 658 3535 et
720 3468 893 3536 alibi.
942 3469 1257 3554 ,Datidem
1321 3492 1449 3535 non
1510 3476 1743 3536 notum
1807 3472 1989 3537 Darii
2048 3475 2506 3558 imperatorem
2569 3474 2679 3540 sed
2733 3472 2986 3541 Caroini

591 3574 803 3641 filium
866 3576 969 3655 (ef.
1018 3575 1243 3656 schol.)
1307 3574 1820 3662 intellegendum
1881 3597 2014 3641 esse
2063 3581 2306 3664 optime
2353 3579 2814 3645 demonstravit
2856 3600 2986 3645 van

591 3681 928 3748 Leeuwen.
2674 3702 2679 3707 ’

613 3888 624 3896 ·
691 3883 790 3950 vs.
843 3864 995 3951 328.

686 3988 876 4057 Chor.
925 3980 985 4053 ἓν
1034 3988 1149 4067 μὲν
1193 3986 1288 4057 οὖν
1337 3990 1569 4056 τουτί
1616 3997 1686 4069 μ’
1735 3988 1974 4057 ἔασον
2026 3992 2283 4057 ἑλκύσαι
2331 3992 2437 4057 καὶ
2485 3991 2732 4069 μηκέτι.

591 4095 890 4161 Meineke
961 4097 1130 4160 τοῦτ’
1200 4094 1291 4161 ἔτι
1362 4102 1432 4173 μ’
1497 4093 1677 4161 ἔασον
1747 4097 2131 4181 postulabat.
2206 4096 2277 4163 Si
2338 4098 2493 4183 quid
2556 4099 2939 4163 mutandum
2971 4147 2988 4179 ,

594 4201 796 4287 possis
861 4202 1057 4265 etiam
1120 4201 1295 4265 τουτί
1337 4204 1407 4277 μ’
1456 4201 1543 4266 ἔτ’
1595 4202 1792 4280 ἔασον,
1848 4223 2000 4266 nam
2049 4200 2222 4267 ἔασον
2274 4204 2443 4288 apud
2492 4205 2984 4289 Aristophanem

460 4331 467 4336 ·
593 4308 844 4391 saepius
912 4311 1008 4370 est
1078 4306 1490 4392 disyllabum.
1576 4307 1700 4373 Sed
1771 4314 2074 4393 sequente
2143 4309 2410 4386 μηκέτι
2480 4310 2719 4375 melius
2787 4312 2982 4376 habet

592 4412 764 4501 quod
809 4411 1124 4477 traditum
1168 4419 1285 4476 est.
