3351 5463
739 343 825 408 12
1804 359 2037 408 uvius.

722 526 960 609 peritos
1021 527 1212 608 lequm
1260 525 1722 609 pereqrinarum
1768 526 1853 587 ad
1896 526 2203 588 condenda
2248 547 2402 588 nova
2448 524 2590 588 iura
2632 526 2773 589 usui
2800 527 2960 612 sore
3014 550 3165 590 cre-

739 633 977 697 debant.

826 737 1179 802 Harantius
1243 739 1511 816 coniecit
1559 736 1831 819 proximi
1895 760 1934 798 a
1949 737 1994 799 d
2012 738 2056 798 d
2069 737 2094 798 i
2112 744 2137 799 t
2155 736 2199 797 i·
2243 736 2431 817 leyati
2479 743 2618 814 tres,
2666 736 2837 821 quod
2882 738 3159 822 recepit

735 844 1089 912 Muellerus
1109 893 1124 922 ‚
1167 849 1233 909 et
1269 844 1450 907 simul
1487 865 1628 928 quo
1645 845 1690 905 d
1715 843 1983 925 peritos,
2024 842 2192 926 quod
2230 841 2344 906 ille
2379 841 2762 926 repudiavit.
2802 842 3157 927 Equidem

732 953 983 1016 inversa
1030 953 1277 1014 ratione
1323 949 1595 1014 alteram
1641 951 2100 1014 correctionem
2150 968 2408 1033 prorsus
2454 950 2875 1012 neeessariam
2924 948 3107 1014 duco
3132 998 3153 1026 ‚

730 1077 858 1121 non
902 1077 1053 1122 vero
1103 1055 1374 1121 alteram
1392 1103 1408 1132 ,
1457 1058 1880 1140 interpretans
1926 1054 2023 1118 his
2054 1053 2324 1137 proximi
2361 1054 2556 1117 habiti
2592 1057 2635 1118 i.
2664 1075 2717 1120 e.
2761 1057 3108 1120 aestimati
3127 1103 3148 1131 ‚

732 1165 842 1248 qui
888 1163 1007 1227 hoc
1052 1164 1290 1227 honore
1339 1167 1735 1226 ornarentur.

825 1431 877 1474 e.
930 1405 1036 1473 37.
1065 1406 1126 1473 5.
1201 1407 1284 1470 Id
1338 1411 1505 1472 modo
1559 1409 1768 1490 plebes
1826 1407 2095 1488 aqitabat
2112 1455 2128 1484 ,
2198 1430 2447 1492 quonam
2509 1410 2675 1471 modo
2738 1407 3147 1471 tribuniciam

725 1520 1081 1606 potestatem
1097 1562 1114 1591 ,
1162 1514 1580 1577 munimentum
1628 1513 1933 1591 libertati,
1983 1521 2200 1592 (rem)
2251 1513 2645 1577 intermissam
2692 1521 3078 1596 repararent.

829 1618 1066 1682 Notavi
1123 1621 1420 1703 ineptum
1483 1619 1995 1684 additamentum
2013 1668 2029 1697 ‚
2096 1619 2264 1704 quod
2325 1620 2491 1684 male
2552 1624 2805 1684 tutatur
2863 1640 3145 1704 prorsus

740 1722 1052 1788 dissimile
1121 1725 1491 1810 exemplum
1556 1727 1829 1792 citatum
1895 1746 1972 1790 ex
2020 1724 2081 1788 4.
2115 1722 2217 1790 17.
2246 1723 2287 1788 3
2336 1725 2405 1788 in
2449 1733 2797 1788 tesserarum
2830 1748 3144 1808 prospero

739 1829 906 1892 iaetu
965 1852 1153 1893 vocem
1220 1831 1348 1894 eius
1392 1831 1723 1911 ambiquam
1772 1880 1789 1896 .
1818 1879 1833 1894 .
1862 1880 1875 1895 .
1929 1854 2167 1896 causam
2212 1832 2418 1894 mortis
2464 1831 2680 1912 {effatis
2706 1831 2959 1918 fuisse:
3007 1854 3141 1895 rem

739 1934 1163 2000 incredibilem.

831 2192 882 2237 0.
933 2169 1039 2235 39.
1068 2170 1129 2235 4.
1189 2171 1534 2254 Superbiam
1576 2170 2035 2256 violentiamque
2068 2177 2204 2242 ,tum
2239 2192 2487 2254 perosos
2533 2169 2692 2251 reqis
2736 2169 3131 2255 (Tarquini).

747 2277 911 2364 Quae
948 2277 1003 2338 si
1039 2277 1108 2339 in
1145 2299 1280 2356 reye
1326 2284 1478 2340 tum
1524 2279 1783 2340 eadem
1821 2284 1928 2340 aut
1966 2278 2033 2340 in
2051 2278 2199 2360 filio
2238 2276 2395 2357 reyis
2416 2278 2697 2362 ferenda
2717 2277 3129 2362 masmim,

743 2404 909 2466 quem
953 2382 1214 2444 laturum
1259 2383 1327 2446 in
1373 2390 1458 2446 tot
1490 2383 1780 2465 privatis.

830 2485 1068 2551 Merito
1148 2489 1359 2553 verbis
1445 2489 1771 2575 ambiguis
1853 2509 2103 2553 crucem
2190 2489 2482 2572 appinxit
2565 2485 2923 2552 Muellerus
3006 2510 3125 2553 nee

736 2595 978 2677 recepit
1038 2593 1337 2659 Harantii
1393 2598 1822 2660 coniecturam
1842 2587 1877 2659 τ’
1907 2603 2028 2658 tum
2078 2617 2140 2657 eo
2189 2596 2434 2658 demum.
2506 2592 2882 2679 Madvigius
2901 2641 2917 2670 ,
2968 2615 3124 2659 eum

739 2699 1106 2765 emendaret
1152 2700 1220 2764 in
1266 2723 1399 2782 reqe
1447 2708 1504 2765 et
1549 2723 1666 2765 uno
1714 2703 1943 2778 eodem,
1988 2707 2157 2766 reete
2206 2701 2434 2778 sensit,
2487 2701 2730 2785 opinor,
2780 2707 2901 2763 tum
2949 2721 3123 2787 repe—

734 2808 934 2871 titum
995 2809 1309 2871 vitiosum
1357 2828 1491 2872 esse
1539 2815 1732 2891 atque
1781 2814 1867 2869 tot
1901 2806 2171 2888 privatis
2219 2809 2452 2892 opponi
2497 2829 2678 2869 unum
2724 2828 2933 2886 reyem.
2996 2805 3121 2871 Sed

732 2912 926 2977 verba
971 2914 1109 2976 eius
1156 2914 1245 2976 sie
1293 2912 1670 2977 ordinanda:
1721 2912 1789 2975 in
1834 2934 1979 2975 uno
2028 2919 2099 2975 et
2145 2914 2340 2976 eodem
2386 2935 2541 2993 reye.

820 3016 898 3081 In
961 3020 1274 3082 sententia
1293 3066 1308 3095 ,
1358 3038 1519 3103 quae
1567 3016 1919 3103 praeeedit:
1965 3040 2072 3081 nee
2116 3017 2373 3082 nominis
2419 3018 2680 3081 homines
2726 3025 2847 3081 tum
2879 3025 3121 3100 pertae-

731 3145 857 3185 sum
905 3129 990 3185 est
1007 3170 1023 3199 ,
1071 3123 1456 3209 languidum
1501 3122 1668 3188 illud
1712 3122 1975 3186 homines
2022 3128 2235 3187 ortum
2273 3123 2532 3189 videtur
2571 3145 2649 3189 ex
2686 3124 3118 3209 dittographia

731 3227 1010 3292 nominis.

825 3484 877 3527 0.
929 3462 1035 3527 45.
1064 3462 1127 3527 2.
1176 3462 1258 3524 In
1302 3462 1419 3524 iis
1465 3462 1656 3540 enim,
1710 3461 1815 3546 qui
1860 3464 2220 3527 adserantur
2268 3463 2334 3526 in
2382 3463 2748 3539 h‘bertatem,
2799 3460 2944 3546 quia
2988 3463 3112 3547 qui-

731 3569 824 3630 vis
886 3569 1012 3647 Zeqe
1057 3589 1231 3647 ayere
1273 3567 1494 3648 possit,
1544 3567 1615 3629 id
1660 3567 1818 3630 iuris
1866 3590 1987 3631 esse
2034 3574 2144 3647 (se.
2195 3573 2271 3632 ut
2319 3570 2530 3653 quivis
2577 3567 2724 3654 lege
2770 3573 2962 3652 agat)
2979 3588 2996 3645 3
3042 3568 3109 3631 in

734 3695 804 3736 ea
822 3720 838 3749 ,
887 3695 1038 3757 quae
1084 3673 1152 3735 in
1186 3673 1396 3754 patris
1441 3696 1621 3735 manu
1667 3673 1753 3737 sit
1771 3722 1787 3751 ,
1836 3674 2123 3737 neminem
2167 3696 2289 3738 esse
2336 3673 2524 3737 aliwm
2561 3679 2782 3758 (quam
2819 3678 3104 3757 patrem),

733 3779 831 3842 cui
879 3779 1151 3843 dominus
1191 3780 1554 3861 possessione
1600 3783 1773 3844 cedat
1819 3784 1924 3859 (=
1948 3784 2059 3865 qui
2105 3780 2249 3867 lege
2295 3801 2484 3866 agere
2529 3782 2775 3864 possit).

823 3882 992 3950 Cum
1037 3883 1342 3971 Verginia
1390 3907 1640 3970 quoque
1690 3887 2017 3951 adseratur
2060 3889 2129 3949 in
2174 3886 2539 3951 libertatem
2558 3934 2573 3963 ‚
2618 3890 2873 3949 tantum
2912 3906 3034 3949 non
3070 3905 3104 3949 a

727 3996 906 4076 patre
927 4040 944 4067 ,
1010 3992 1179 4076 quod
1235 3990 1447 4056 solum
1504 3996 1723 4056 ratum
1769 3992 1959 4056 habet
2005 3993 2254 4078 Appius
2273 4040 2289 4069 ,
2345 4012 2444 4057 res
2490 3989 2809 4077 postulare
2856 3990 3102 4055 videtur

729 4102 805 4161 ut
849 4095 1106 4183 legatur
1151 4097 1233 4159 In
1279 4097 1507 4163 aliis.

820 4367 872 4411 0.
921 4344 1030 4411 48.
1062 4345 1119 4409 1.
1161 4345 1490 4422 Decemvir,
1533 4346 1960 4409 alienatus
2000 4347 2100 4407 ad
2138 4343 2571 4408 libidinem
2610 4346 2897 4423 animo,
2938 4353 3100 4428 neqat

734 4474 791 4518 e.
830 4475 890 4538 q.
933 4474 983 4517 e.
