<?xml version="1.0" encoding="UTF-8"?>
<!DOCTYPE html PUBLIC "-//W3C//DTD XHTML 1.0 Transitional//EN"
    "http://www.w3.org/TR/xhtml1/DTD/xhtml1-transitional.dtd">
<html xmlns="http://www.w3.org/1999/xhtml" xml:lang="en" lang="en">
 <head>
  <title>
</title>
<meta http-equiv="Content-Type" content="text/html;charset=utf-8" />
  <meta name='ocr-system' content='tesseract 3.04.00' />
  <meta name='ocr-capabilities' content='ocr_page ocr_carea ocr_par ocr_line ocrx_word'/>
</head>
<body>
  <div class='ocr_page' id='page_1' title='image "./mnemosynevolume04verdgoog_0035.png"; bbox 0 0 3351 5463; ppageno 0'>
   <div class='ocr_carea' id='block_1_1' title="bbox 1358 297 2666 366">
    <p class='ocr_par' dir='ltr' id='par_1_1' title="bbox 1358 297 2666 366">
     <span class='ocr_line' id='line_1_1' title="bbox 1358 297 2666 366; baseline -0.001 -3"><span class='ocrx_word' id='word_1_1' title='bbox 1358 316 1589 366; x_wconf 75' lang='lat' dir='ltr'><strong><em>L1v1us.</em></strong></span> <span class='ocrx_word' id='word_1_2' title='bbox 2580 297 2666 364; x_wconf 84' lang='lat'><strong><em>25</em></strong></span> 
     </span>
    </p>
   </div>
   <div class='ocr_carea' id='block_1_2' title="bbox 284 479 2700 2252">
    <p class='ocr_par' dir='ltr' id='par_1_2' title="bbox 284 479 2700 2252">
     <span class='ocr_line' id='line_1_2' title="bbox 291 479 2666 564; baseline -0.001 -18"><span class='ocrx_word' id='word_1_3' title='bbox 291 483 470 546; x_wconf 81' lang='lat' dir='ltr'><strong><em>aciem</em></strong></span> <span class='ocrx_word' id='word_1_4' title='bbox 501 504 624 564; x_wconf 87' lang='lat' dir='ltr'><strong><em>per</em></strong></span> <span class='ocrx_word' id='word_1_5' title='bbox 673 482 984 544; x_wconf 67' lang='lat' dir='ltr'><strong><em>adversum</em></strong></span> <span class='ocrx_word' id='word_1_6' title='bbox 1023 479 1226 543; x_wconf 77' lang='lat' dir='ltr'><strong><em>collem</em></strong></span> <span class='ocrx_word' id='word_1_7' title='bbox 1264 501 1447 564; x_wconf 83' lang='lat' dir='ltr'><strong><em>usque</em></strong></span> <span class='ocrx_word' id='word_1_8' title='bbox 1485 482 1568 544; x_wconf 80' lang='lat' dir='ltr'><strong><em>ad</em></strong></span> <span class='ocrx_word' id='word_1_9' title='bbox 1591 481 1829 562; x_wconf 89' lang='lat' dir='ltr'><strong><em>primas</em></strong></span> <span class='ocrx_word' id='word_1_10' title='bbox 1878 479 2261 561; x_wconf 75' lang='lat' dir='ltr'><em>Capitolinae</em></span> <span class='ocrx_word' id='word_1_11' title='bbox 2299 479 2666 564; x_wconf 84' lang='lat' dir='ltr'><strong><em>arcisfores.</em></strong></span> 
     </span>
     <span class='ocr_line' id='line_1_3' title="bbox 288 584 2670 673; baseline -0.002 -21"><span class='ocrx_word' id='word_1_12' title='bbox 288 587 497 673; x_wconf 79' lang='lat' dir='ltr'><strong><em>Igitur</em></strong></span> <span class='ocrx_word' id='word_1_13' title='bbox 556 585 886 672; x_wconf 82' lang='lat' dir='ltr'><strong><em>iungenda</em></strong></span> <span class='ocrx_word' id='word_1_14' title='bbox 946 589 1095 649; x_wconf 89' lang='lat' dir='ltr'><strong><em>snnt</em></strong></span> <span class='ocrx_word' id='word_1_15' title='bbox 1141 607 1246 651; x_wconf 84' lang='lat' dir='ltr'><strong><em>vv.</em></strong></span> <span class='ocrx_word' id='word_1_16' title='bbox 1315 592 1562 648; x_wconf 77' lang='lat' dir='ltr'><strong><em>erectam</em></strong></span> <span class='ocrx_word' id='word_1_17' title='bbox 1604 608 1717 666; x_wconf 90' lang='lat' dir='ltr'><strong><em>per</em></strong></span> <span class='ocrx_word' id='word_1_18' title='bbox 1762 587 2072 648; x_wconf 82' lang='lat' dir='ltr'><strong><em>adversum</em></strong></span> <span class='ocrx_word' id='word_1_19' title='bbox 2116 608 2193 650; x_wconf 88' lang='lat' dir='ltr'><strong><em>m.</em></strong></span> <span class='ocrx_word' id='word_1_20' title='bbox 2242 584 2670 672; x_wconf 77' lang='lat' dir='ltr'><strong>Distinguunt</strong></span> 
     </span>
     <span class='ocr_line' id='line_1_4' title="bbox 287 689 2669 772; baseline -0.002 -16"><span class='ocrx_word' id='word_1_21' title='bbox 287 694 572 756; x_wconf 72' lang='lat' dir='ltr'>historici</span> <span class='ocrx_word' id='word_1_22' title='bbox 617 694 786 755; x_wconf 89' lang='lat' dir='ltr'><strong><em>inter</em></strong></span> <span class='ocrx_word' id='word_1_23' title='bbox 833 690 1057 771; x_wconf 73' lang='lat' dir='ltr'><strong><em>eriqere</em></strong></span> <span class='ocrx_word' id='word_1_24' title='bbox 1103 689 1287 752; x_wconf 88' lang='lat' dir='ltr'><strong><em>aciem</em></strong></span> <span class='ocrx_word' id='word_1_25' title='bbox 1330 689 1395 752; x_wconf 86' lang='lat' dir='ltr'><strong><em>in</em></strong></span> <span class='ocrx_word' id='word_1_26' title='bbox 1445 695 1510 754; x_wconf 86' lang='lat' dir='ltr'><strong><em>et</em></strong></span> <span class='ocrx_word' id='word_1_27' title='bbox 1545 712 1666 772; x_wconf 91' lang='lat' dir='ltr'><strong><em>per</em></strong></span> <span class='ocrx_word' id='word_1_28' title='bbox 1710 696 1957 754; x_wconf 87' lang='lat' dir='ltr'><strong><em>montem</em></strong></span> <span class='ocrx_word' id='word_1_29' title='bbox 2001 713 2049 754; x_wconf 90' lang='lat' dir='ltr'><strong><em>s.</em></strong></span> <span class='ocrx_word' id='word_1_30' title='bbox 2100 691 2323 754; x_wconf 79' lang='lat' dir='ltr'><strong><em>collem.</em></strong></span> <span class='ocrx_word' id='word_1_31' title='bbox 2372 690 2669 754; x_wconf 86' lang='lat' dir='ltr'><strong><em>Alterum</em></strong></span> 
     </span>
     <span class='ocr_line' id='line_1_5' title="bbox 291 792 2667 881; baseline -0.002 -19"><span class='ocrx_word' id='word_1_32' title='bbox 291 804 382 862; x_wconf 88' lang='lat' dir='ltr'><strong><em>est</em></strong></span> <span class='ocrx_word' id='word_1_33' title='bbox 439 795 894 862; x_wconf 88' lang='lat' dir='ltr'><strong><em>conscendendi</em></strong></span> <span class='ocrx_word' id='word_1_34' title='bbox 954 796 1219 859; x_wconf 89' lang='lat' dir='ltr'><strong><em>initium</em></strong></span> <span class='ocrx_word' id='word_1_35' title='bbox 1284 794 1486 860; x_wconf 88' lang='lat' dir='ltr'><strong><em>facere</em></strong></span> <span class='ocrx_word' id='word_1_36' title='bbox 1550 794 1696 858; x_wconf 79' lang='lat' dir='ltr'><strong><em>Tac.</em></strong></span> <span class='ocrx_word' id='word_1_37' title='bbox 1759 794 1845 858; x_wconf 89' lang='lat' dir='ltr'><strong><em>H.</em></strong></span> <span class='ocrx_word' id='word_1_38' title='bbox 1897 793 1959 858; x_wconf 89' lang='lat'><strong><em>4.</em></strong></span> <span class='ocrx_word' id='word_1_39' title='bbox 1989 792 2093 861; x_wconf 77' lang='lat'><strong><em>71.</em></strong></span> <span class='ocrx_word' id='word_1_40' title='bbox 2158 796 2314 881; x_wconf 82' lang='lat' dir='ltr'><strong><em>Agr.</em></strong></span> <span class='ocrx_word' id='word_1_41' title='bbox 2367 793 2471 859; x_wconf 87' lang='lat'><strong><em>36.</em></strong></span> <span class='ocrx_word' id='word_1_42' title='bbox 2521 794 2667 860; x_wconf 85' lang='lat' dir='ltr'><strong><em>Liv.</em></strong></span> 
     </span>
     <span class='ocr_line' id='line_1_6' title="bbox 295 900 2671 983; baseline -0.002 -16"><span class='ocrx_word' id='word_1_43' title='bbox 295 901 533 976; x_wconf 63' lang='grc'><strong>1026.</strong></span> <span class='ocrx_word' id='word_1_44' title='bbox 563 901 624 966; x_wconf 88' lang='grc'><strong><em>9.</em></strong></span> <span class='ocrx_word' id='word_1_45' title='bbox 697 901 896 983; x_wconf 85' lang='lat' dir='ltr'><strong><em>Scipio</em></strong></span> <span class='ocrx_word' id='word_1_46' title='bbox 963 901 1045 963; x_wconf 90' lang='lat' dir='ltr'><strong><em>in</em></strong></span> <span class='ocrx_word' id='word_1_47' title='bbox 1115 900 1392 964; x_wconf 80' lang='lat' dir='ltr'><strong><em>collem</em></strong></span> <span class='ocrx_word' id='word_1_48' title='bbox 1459 901 1705 963; x_wconf 80' lang='lat' dir='ltr'><strong><em>aciem</em></strong></span> <span class='ocrx_word' id='word_1_49' title='bbox 1774 900 2074 977; x_wconf 72' lang='lat' dir='ltr'><strong><em>erexit,</em></strong></span> <span class='ocrx_word' id='word_1_50' title='bbox 2146 903 2282 979; x_wconf 84' lang='lat' dir='ltr'><strong><em>sed,</em></strong></span> <span class='ocrx_word' id='word_1_51' title='bbox 2346 907 2414 964; x_wconf 91' lang='lat' dir='ltr'><strong><em>ut</em></strong></span> <span class='ocrx_word' id='word_1_52' title='bbox 2474 901 2543 963; x_wconf 74' lang='lat' dir='ltr'><strong><em>in</em></strong></span> <span class='ocrx_word' id='word_1_53' title='bbox 2606 922 2671 963; x_wconf 86' lang='lat' dir='ltr'><strong><em>re</em></strong></span> 
     </span>
     <span class='ocr_line' id='line_1_7' title="bbox 291 1005 2668 1091; baseline -0.001 -20"><span class='ocrx_word' id='word_1_54' title='bbox 291 1007 482 1072; x_wconf 70' lang='lat' dir='ltr'><strong><em>mibita</em></strong></span> <span class='ocrx_word' id='word_1_55' title='bbox 516 1029 744 1089; x_wconf 87' lang='lat' dir='ltr'><strong><em>parum</em></strong></span> <span class='ocrx_word' id='word_1_56' title='bbox 790 1007 1094 1088; x_wconf 72' lang='lat' dir='ltr'><strong><em>explorato</em></strong></span> <span class='ocrx_word' id='word_1_57' title='bbox 1141 1005 1360 1068; x_wconf 88' lang='lat' dir='ltr'><strong><em>itinere</em></strong></span> <span class='ocrx_word' id='word_1_58' title='bbox 1377 1054 1393 1083; x_wconf 93' lang='lat'><strong><em>,</em></strong></span> <span class='ocrx_word' id='word_1_59' title='bbox 1445 1008 1529 1069; x_wconf 83' lang='lat' dir='ltr'><strong><em>ad</em></strong></span> <span class='ocrx_word' id='word_1_60' title='bbox 1570 1007 1770 1086; x_wconf 77' lang='lat' dir='ltr'><strong><em>iuqum</em></strong></span> <span class='ocrx_word' id='word_1_61' title='bbox 1801 1029 1852 1088; x_wconf 88' lang='lat' dir='ltr'><strong><em>p</em></strong></span> <span class='ocrx_word' id='word_1_62' title='bbox 1873 1006 2188 1070; x_wconf 74' lang='lat' dir='ltr'><strong><em>erreoeit</em></strong></span> <span class='ocrx_word' id='word_1_63' title='bbox 2204 1055 2220 1085; x_wconf 93' lang='lat'><strong><em>,</em></strong></span> <span class='ocrx_word' id='word_1_64' title='bbox 2270 1008 2431 1091; x_wconf 82' lang='lat' dir='ltr'><strong><em>quod</em></strong></span> <span class='ocrx_word' id='word_1_65' title='bbox 2474 1009 2668 1070; x_wconf 76' lang='lat' dir='ltr'><strong><em>hostes</em></strong></span> 
     </span>
     <span class='ocr_line' id='line_1_8' title="bbox 291 1110 2666 1197; baseline -0 -20"><span class='ocrx_word' id='word_1_66' title='bbox 291 1120 600 1196; x_wconf 75' lang='lat' dir='ltr'><strong><em>ceperant,</em></strong></span> <span class='ocrx_word' id='word_1_67' title='bbox 667 1112 836 1196; x_wconf 86' lang='lat' dir='ltr'><strong><em>quod</em></strong></span> <span class='ocrx_word' id='word_1_68' title='bbox 891 1115 1098 1197; x_wconf 83' lang='lat' dir='ltr'><strong><em>igitur</em></strong></span> <span class='ocrx_word' id='word_1_69' title='bbox 1145 1110 1695 1176; x_wconf 87' lang='lat' dir='ltr'><strong><em>Weissenbornius</em></strong></span> <span class='ocrx_word' id='word_1_70' title='bbox 1742 1132 2077 1196; x_wconf 83' lang='lat' dir='ltr'><strong><em>perperam</em></strong></span> <span class='ocrx_word' id='word_1_71' title='bbox 2126 1114 2215 1176; x_wconf 91' lang='lat' dir='ltr'><strong><em>sic</em></strong></span> <span class='ocrx_word' id='word_1_72' title='bbox 2262 1114 2489 1177; x_wconf 85' lang='lat' dir='ltr'><strong><em>vertit:</em></strong></span> <span class='ocrx_word' id='word_1_73' title='bbox 2560 1111 2666 1189; x_wconf 78' lang='lat' dir='ltr'><strong><em>‚,S.</em></strong></span> 
     </span>
     <span class='ocr_line' id='line_1_9' title="bbox 293 1209 2668 1302; baseline -0.001 -20"><span class='ocrx_word' id='word_1_74' title='bbox 293 1216 548 1297; x_wconf 90' lang='lat' dir='ltr'><strong><em>„stellte</em></strong></span> <span class='ocrx_word' id='word_1_75' title='bbox 604 1217 706 1281; x_wconf 85' lang='lat' dir='ltr'><strong><em>die</em></strong></span> <span class='ocrx_word' id='word_1_76' title='bbox 756 1215 1214 1282; x_wconf 81' lang='lat' dir='ltr'><strong><em>Schlachtlinie</em></strong></span> <span class='ocrx_word' id='word_1_77' title='bbox 1260 1237 1340 1281; x_wconf 95' lang='lat' dir='ltr'><strong><em>an</em></strong></span> <span class='ocrx_word' id='word_1_78' title='bbox 1388 1216 1502 1281; x_wconf 90' lang='lat' dir='ltr'><strong><em>den</em></strong></span> <span class='ocrx_word' id='word_1_79' title='bbox 1551 1215 1775 1302; x_wconf 81' lang='lat' dir='ltr'><strong><em>Hiigel</em></strong></span> <span class='ocrx_word' id='word_1_80' title='bbox 1823 1209 1997 1282; x_wconf 58' lang='lat' dir='ltr'><strong><em>aufss&#39;’</em></strong></span> <span class='ocrx_word' id='word_1_81' title='bbox 2047 1217 2340 1282; x_wconf 84' lang='lat' dir='ltr'><strong><em>Eundem</em></strong></span> <span class='ocrx_word' id='word_1_82' title='bbox 2388 1238 2668 1283; x_wconf 88' lang='lat' dir='ltr'><strong><em>errorem</em></strong></span> 
     </span>
     <span class='ocr_line' id='line_1_10' title="bbox 290 1319 2664 1400; baseline -0 -13"><span class='ocrx_word' id='word_1_83' title='bbox 290 1325 612 1388; x_wconf 86' lang='lat' dir='ltr'><strong><em>commisit</em></strong></span> <span class='ocrx_word' id='word_1_84' title='bbox 675 1323 752 1386; x_wconf 87' lang='lat' dir='ltr'><strong><em>ad</em></strong></span> <span class='ocrx_word' id='word_1_85' title='bbox 822 1323 878 1387; x_wconf 94' lang='grc'><strong><em>1.</em></strong></span> <span class='ocrx_word' id='word_1_86' title='bbox 908 1319 1017 1387; x_wconf 79' lang='grc'><strong><em>27.</em></strong></span> <span class='ocrx_word' id='word_1_87' title='bbox 1047 1321 1086 1385; x_wconf 84' lang='lat'><strong>5</strong></span> <span class='ocrx_word' id='word_1_88' title='bbox 1152 1321 1438 1386; x_wconf 89' lang='lat' dir='ltr'><strong><em>Albanus</em></strong></span> <span class='ocrx_word' id='word_1_89' title='bbox 1485 1323 1699 1385; x_wconf 84' lang='lat' dir='ltr'><strong><em>sensim</em></strong></span> <span class='ocrx_word' id='word_1_90' title='bbox 1744 1325 1829 1386; x_wconf 83' lang='lat' dir='ltr'><strong><em>ad</em></strong></span> <span class='ocrx_word' id='word_1_91' title='bbox 1870 1331 2090 1387; x_wconf 85' lang='lat' dir='ltr'><strong><em>montes</em></strong></span> <span class='ocrx_word' id='word_1_92' title='bbox 2136 1324 2398 1387; x_wconf 83' lang='lat' dir='ltr'><strong><em>succedit</em></strong></span> <span class='ocrx_word' id='word_1_93' title='bbox 2412 1351 2440 1399; x_wconf 90' lang='lat'><em>;</em></span> <span class='ocrx_word' id='word_1_94' title='bbox 2488 1324 2664 1400; x_wconf 83' lang='lat' dir='ltr'><strong><em>inde,</em></strong></span> 
     </span>
     <span class='ocr_line' id='line_1_11' title="bbox 290 1426 2671 1509; baseline -0.001 -17"><span class='ocrx_word' id='word_1_95' title='bbox 290 1431 387 1492; x_wconf 84' lang='lat' dir='ltr'><strong><em>ubi</em></strong></span> <span class='ocrx_word' id='word_1_96' title='bbox 430 1427 585 1491; x_wconf 85' lang='lat' dir='ltr'><strong><em>satis</em></strong></span> <span class='ocrx_word' id='word_1_97' title='bbox 631 1428 855 1490; x_wconf 79' lang='lat' dir='ltr'><strong><em>subisse</em></strong></span> <span class='ocrx_word' id='word_1_98' title='bbox 901 1432 1006 1506; x_wconf 89' lang='lat'><strong><em>(=-</em></strong></span> <span class='ocrx_word' id='word_1_99' title='bbox 1032 1427 1111 1491; x_wconf 87' lang='lat' dir='ltr'><strong><em>ad</em></strong></span> <span class='ocrx_word' id='word_1_100' title='bbox 1155 1426 1396 1492; x_wconf 76' lang='lat' dir='ltr'><strong><em>radices</em></strong></span> <span class='ocrx_word' id='word_1_101' title='bbox 1443 1431 1683 1492; x_wconf 91' lang='lat' dir='ltr'><strong><em>montis</em></strong></span> <span class='ocrx_word' id='word_1_102' title='bbox 1731 1430 2086 1509; x_wconf 78' lang='lat' dir='ltr'><strong><em>accessisse)</em></strong></span> <span class='ocrx_word' id='word_1_103' title='bbox 2134 1436 2304 1492; x_wconf 87' lang='lat' dir='ltr'><strong><em>ratus</em></strong></span> <span class='ocrx_word' id='word_1_104' title='bbox 2352 1436 2472 1504; x_wconf 83' lang='lat' dir='ltr'><strong><em>est,</em></strong></span> <span class='ocrx_word' id='word_1_105' title='bbox 2524 1451 2555 1491; x_wconf 93' lang='lat' dir='ltr'><strong><em>e</em></strong></span> <span class='ocrx_word' id='word_1_106' title='bbox 2573 1428 2671 1490; x_wconf 86' lang='lat' dir='ltr'><strong><em>ri-</em></strong></span> 
     </span>
     <span class='ocr_line' id='line_1_12' title="bbox 284 1530 2667 1616; baseline 0 -20"><span class='ocrx_word' id='word_1_107' title='bbox 284 1535 404 1616; x_wconf 75' lang='lat' dir='ltr'><strong><em>9it</em></strong></span> <span class='ocrx_word' id='word_1_108' title='bbox 450 1540 692 1596; x_wconf 87' lang='lat' dir='ltr'><strong><em>totam</em></strong></span> <span class='ocrx_word' id='word_1_109' title='bbox 738 1532 980 1596; x_wconf 81' lang='lat' dir='ltr'><strong><em>aciem</em></strong></span> <span class='ocrx_word' id='word_1_110' title='bbox 1027 1537 1130 1612; x_wconf 90' lang='lat'><strong><em>(=</em></strong></span> <span class='ocrx_word' id='word_1_111' title='bbox 1153 1539 1357 1598; x_wconf 88' lang='lat' dir='ltr'><strong><em>totam</em></strong></span> <span class='ocrx_word' id='word_1_112' title='bbox 1406 1535 1607 1598; x_wconf 89' lang='lat' dir='ltr'><strong><em>aciem</em></strong></span> <span class='ocrx_word' id='word_1_113' title='bbox 1654 1530 2111 1598; x_wconf 89' lang='lat' dir='ltr'><strong><em>conscendendi</em></strong></span> <span class='ocrx_word' id='word_1_114' title='bbox 2158 1536 2420 1598; x_wconf 89' lang='lat' dir='ltr'><strong><em>initium</em></strong></span> <span class='ocrx_word' id='word_1_115' title='bbox 2466 1533 2667 1598; x_wconf 84' lang='lat' dir='ltr'><strong><em>facere</em></strong></span> 
     </span>
     <span class='ocr_line' id='line_1_13' title="bbox 290 1638 2700 1722; baseline -0.002 -18"><span class='ocrx_word' id='word_1_116' title='bbox 290 1640 491 1720; x_wconf 89' lang='lat' dir='ltr'><strong><em>iubet)</em></strong></span> <span class='ocrx_word' id='word_1_117' title='bbox 533 1645 592 1702; x_wconf 94' lang='lat' dir='ltr'><strong><em>et</em></strong></span> <span class='ocrx_word' id='word_1_118' title='bbox 621 1641 934 1722; x_wconf 87' lang='lat' dir='ltr'><strong><em>fluctuans</em></strong></span> <span class='ocrx_word' id='word_1_119' title='bbox 973 1638 1168 1701; x_wconf 90' lang='lat' dir='ltr'><strong><em>animo</em></strong></span> <span class='ocrx_word' id='word_1_120' title='bbox 1189 1687 1205 1717; x_wconf 93' lang='lat'><strong><em>,</em></strong></span> <span class='ocrx_word' id='word_1_121' title='bbox 1247 1645 1316 1702; x_wconf 92' lang='lat' dir='ltr'><strong><em>ut</em></strong></span> <span class='ocrx_word' id='word_1_122' title='bbox 1356 1645 1569 1702; x_wconf 87' lang='lat' dir='ltr'><strong><em>tereret</em></strong></span> <span class='ocrx_word' id='word_1_123' title='bbox 1611 1646 1837 1720; x_wconf 89' lang='lat' dir='ltr'><strong><em>tempus</em></strong></span> <span class='ocrx_word' id='word_1_124' title='bbox 1855 1685 1872 1716; x_wconf 94' lang='lat'><strong><em>,</em></strong></span> <span class='ocrx_word' id='word_1_125' title='bbox 1922 1639 2162 1702; x_wconf 83' lang='lat' dir='ltr'><strong><em>ordines</em></strong></span> <span class='ocrx_word' id='word_1_126' title='bbox 2209 1639 2471 1720; x_wconf 67' lang='lat' dir='ltr'><strong><em>empticat</em></strong></span> <span class='ocrx_word' id='word_1_127' title='bbox 2490 1686 2506 1715; x_wconf 93' lang='lat'><strong><em>,</em></strong></span> <span class='ocrx_word' id='word_1_128' title='bbox 2555 1638 2700 1708; x_wconf 75' lang='lat' dir='ltr'><strong><em>ubi,</em></strong></span> 
     </span>
     <span class='ocr_line' id='line_1_14' title="bbox 293 1743 2671 1831; baseline 0 -22"><span class='ocrx_word' id='word_1_129' title='bbox 293 1749 450 1809; x_wconf 81' lang='lat' dir='ltr'><strong><em>mire</em></strong></span> <span class='ocrx_word' id='word_1_130' title='bbox 491 1743 598 1809; x_wconf 90' lang='lat' dir='ltr'><strong><em>W.</em></strong></span> <span class='ocrx_word' id='word_1_131' title='bbox 649 1767 761 1821; x_wconf 89' lang='lat' dir='ltr'><strong><em>„er</em></strong></span> <span class='ocrx_word' id='word_1_132' title='bbox 806 1744 966 1809; x_wconf 63' lang='lat' dir='ltr'><strong><em>lasst</em></strong></span> <span class='ocrx_word' id='word_1_133' title='bbox 1015 1793 1028 1809; x_wconf 89' lang='lat'><strong>.</strong></span> <span class='ocrx_word' id='word_1_134' title='bbox 1061 1793 1074 1809; x_wconf 89' lang='lat'><strong>.</strong></span> <span class='ocrx_word' id='word_1_135' title='bbox 1105 1791 1120 1807; x_wconf 91' lang='lat'><strong>.</strong></span> <span class='ocrx_word' id='word_1_136' title='bbox 1171 1746 1309 1810; x_wconf 91' lang='lat' dir='ltr'><strong><em>sich</em></strong></span> <span class='ocrx_word' id='word_1_137' title='bbox 1355 1746 1475 1810; x_wconf 91' lang='lat' dir='ltr'><strong><em>den</em></strong></span> <span class='ocrx_word' id='word_1_138' title='bbox 1519 1744 1689 1831; x_wconf 84' lang='lat' dir='ltr'><strong><em>Berg</em></strong></span> <span class='ocrx_word' id='word_1_139' title='bbox 1732 1745 1926 1810; x_wconf 85' lang='lat' dir='ltr'><strong><em>hinan</em></strong></span> <span class='ocrx_word' id='word_1_140' title='bbox 1974 1744 2376 1810; x_wconf 87' lang='lat' dir='ltr'><strong><em>aufstellen&#39;&#39;.</em></strong></span> <span class='ocrx_word' id='word_1_141' title='bbox 2425 1745 2671 1830; x_wconf 89' lang='lat' dir='ltr'><strong><em>Nempe</em></strong></span> 
     </span>
     <span class='ocr_line' id='line_1_15' title="bbox 295 1841 2670 1937; baseline 0 -23"><span class='ocrx_word' id='word_1_142' title='bbox 295 1850 579 1915; x_wconf 69' lang='lat' dir='ltr'><strong><em>Albanus</em></strong></span> <span class='ocrx_word' id='word_1_143' title='bbox 625 1851 718 1914; x_wconf 90' lang='lat' dir='ltr'><strong><em>ibi</em></strong></span> <span class='ocrx_word' id='word_1_144' title='bbox 763 1850 1011 1914; x_wconf 88' lang='lat' dir='ltr'><strong><em>ordines</em></strong></span> <span class='ocrx_word' id='word_1_145' title='bbox 1073 1849 1346 1937; x_wconf 83' lang='lat' dir='ltr'><strong><em>explicat</em></strong></span> <span class='ocrx_word' id='word_1_146' title='bbox 1379 1841 1383 1845; x_wconf 67' lang='grc'><strong>’</strong></span> <span class='ocrx_word' id='word_1_147' title='bbox 1413 1852 1569 1915; x_wconf 90' lang='lat' dir='ltr'><strong><em>dum</em></strong></span> <span class='ocrx_word' id='word_1_148' title='bbox 1632 1851 2059 1936; x_wconf 78' lang='lat' dir='ltr'><strong><em>progreditur,</em></strong></span> <span class='ocrx_word' id='word_1_149' title='bbox 2122 1871 2436 1934; x_wconf 84' lang='lat' dir='ltr'><strong><em>nusquam</em></strong></span> <span class='ocrx_word' id='word_1_150' title='bbox 2499 1854 2670 1915; x_wconf 88' lang='lat' dir='ltr'><strong><em>enim</em></strong></span> 
     </span>
     <span class='ocr_line' id='line_1_16' title="bbox 296 1956 2667 2042; baseline -0.001 -19"><span class='ocrx_word' id='word_1_151' title='bbox 296 1961 613 2035; x_wconf 87' lang='lat' dir='ltr'><strong><em>constitit,</em></strong></span> <span class='ocrx_word' id='word_1_152' title='bbox 679 1963 755 2021; x_wconf 93' lang='lat' dir='ltr'><strong><em>ut</em></strong></span> <span class='ocrx_word' id='word_1_153' title='bbox 814 1964 1077 2042; x_wconf 84' lang='lat' dir='ltr'><strong><em>apparet</em></strong></span> <span class='ocrx_word' id='word_1_154' title='bbox 1123 1978 1199 2021; x_wconf 87' lang='lat' dir='ltr'><strong><em>ex</em></strong></span> <span class='ocrx_word' id='word_1_155' title='bbox 1248 1979 1382 2042; x_wconf 86' lang='lat' dir='ltr'><strong><em>sqq.</em></strong></span> <span class='ocrx_word' id='word_1_156' title='bbox 1432 1957 1535 2042; x_wconf 70' lang='lat'><strong><em>§8</em></strong></span> <span class='ocrx_word' id='word_1_157' title='bbox 1583 1956 1943 2020; x_wconf 71' lang='lat' dir='ltr'><strong><em>circumduci</em></strong></span> <span class='ocrx_word' id='word_1_158' title='bbox 1986 1957 2133 2020; x_wconf 78' lang='lat' dir='ltr'><em>Alb..</em></span> <span class='ocrx_word' id='word_1_159' title='bbox 2166 1957 2516 2034; x_wconf 72' lang='lat' dir='ltr'><strong><em>exercitum,</em></strong></span> <span class='ocrx_word' id='word_1_160' title='bbox 2566 1956 2667 2041; x_wconf 71' lang='lat'><strong><em>§9</em></strong></span> 
     </span>
     <span class='ocr_line' id='line_1_17' title="bbox 299 2061 2673 2150; baseline -0.001 -22"><span class='ocrx_word' id='word_1_161' title='bbox 299 2071 660 2146; x_wconf 88' lang='lat' dir='ltr'><strong><em>conspectum</em></strong></span> <span class='ocrx_word' id='word_1_162' title='bbox 707 2063 979 2150; x_wconf 82' lang='lat' dir='ltr'><strong><em>abeuntis</em></strong></span> <span class='ocrx_word' id='word_1_163' title='bbox 1025 2063 1152 2127; x_wconf 84' lang='lat' dir='ltr'><strong><em>Alt.</em></strong></span> <span class='ocrx_word' id='word_1_164' title='bbox 1203 2064 1238 2146; x_wconf 58' lang='grc' dir='ltr'>ᾗ</span> <span class='ocrx_word' id='word_1_165' title='bbox 1269 2061 1351 2125; x_wconf 88' lang='grc'><strong><em>10</em></strong></span> <span class='ocrx_word' id='word_1_166' title='bbox 1400 2085 1475 2126; x_wconf 89' lang='lat' dir='ltr'><strong><em>ne</em></strong></span> <span class='ocrx_word' id='word_1_167' title='bbox 1521 2065 1771 2126; x_wconf 84' lang='lat' dir='ltr'><strong><em>decursu</em></strong></span> <span class='ocrx_word' id='word_1_168' title='bbox 1809 2063 2173 2126; x_wconf 83' lang='lat' dir='ltr'><strong><em>Albanorum</em></strong></span> <span class='ocrx_word' id='word_1_169' title='bbox 2211 2063 2673 2125; x_wconf 80' lang='lat' dir='ltr'><strong><em>intercbuderen-</em></strong></span> 
     </span>
     <span class='ocr_line' id='line_1_18' title="bbox 305 2165 2673 2252; baseline -0.001 -19"><span class='ocrx_word' id='word_1_170' title='bbox 305 2177 416 2234; x_wconf 84' lang='lat' dir='ltr'><strong><em>tur.</em></strong></span> <span class='ocrx_word' id='word_1_171' title='bbox 481 2168 557 2232; x_wconf 89' lang='lat' dir='ltr'><strong><em>In</em></strong></span> <span class='ocrx_word' id='word_1_172' title='bbox 622 2167 682 2231; x_wconf 87' lang='lat'><strong><em>9.</em></strong></span> <span class='ocrx_word' id='word_1_173' title='bbox 713 2167 820 2231; x_wconf 89' lang='lat'><strong><em>31.</em></strong></span> <span class='ocrx_word' id='word_1_174' title='bbox 851 2165 930 2229; x_wconf 84' lang='lat'><strong><em>15</em></strong></span> <span class='ocrx_word' id='word_1_175' title='bbox 998 2172 1061 2230; x_wconf 88' lang='lat' dir='ltr'><strong><em>et</em></strong></span> <span class='ocrx_word' id='word_1_176' title='bbox 1129 2165 1482 2231; x_wconf 86' lang='lat'>10.14.14</span> <span class='ocrx_word' id='word_1_177' title='bbox 1543 2188 1656 2252; x_wconf 90' lang='lat' dir='ltr'><strong><em>pro</em></strong></span> <span class='ocrx_word' id='word_1_178' title='bbox 1720 2167 1961 2231; x_wconf 80' lang='lat' dir='ltr'><strong><em>aciem</em></strong></span> <span class='ocrx_word' id='word_1_179' title='bbox 2024 2167 2250 2247; x_wconf 66' lang='lat' dir='ltr'><strong><em>eiicere</em></strong></span> <span class='ocrx_word' id='word_1_180' title='bbox 2304 2167 2372 2230; x_wconf 89' lang='lat' dir='ltr'><strong><em>in</em></strong></span> <span class='ocrx_word' id='word_1_181' title='bbox 2418 2169 2673 2251; x_wconf 80' lang='lat' dir='ltr'><strong><em>scripsit</em></strong></span> 
     </span>
    </p>
   </div>
   <div class='ocr_carea' id='block_1_3' title="bbox 297 2271 2670 2444">
    <p class='ocr_par' dir='ltr' id='par_1_3' title="bbox 297 2271 2670 2444">
     <span class='ocr_line' id='line_1_19' title="bbox 297 2271 2670 2359; baseline -0.002 -21"><span class='ocrx_word' id='word_1_182' title='bbox 297 2275 518 2339; x_wconf 83' lang='lat' dir='ltr'><strong><em>Livius</em></strong></span> <span class='ocrx_word' id='word_1_183' title='bbox 583 2297 622 2336; x_wconf 90' lang='lat' dir='ltr'><strong><em>a</em></strong></span> <span class='ocrx_word' id='word_1_184' title='bbox 632 2296 849 2354; x_wconf 69' lang='lat' dir='ltr'><strong><em>ymen</em></strong></span> <span class='ocrx_word' id='word_1_185' title='bbox 897 2295 977 2336; x_wconf 89' lang='lat' dir='ltr'><strong><em>er.</em></strong></span> <span class='ocrx_word' id='word_1_186' title='bbox 1028 2271 1130 2349; x_wconf 94' lang='lat' dir='ltr'><strong><em>in,</em></strong></span> <span class='ocrx_word' id='word_1_187' title='bbox 1196 2275 1344 2357; x_wconf 87' lang='lat' dir='ltr'><strong><em>quia</em></strong></span> <span class='ocrx_word' id='word_1_188' title='bbox 1388 2272 1588 2337; x_wconf 87' lang='lat' dir='ltr'><strong><em>altera</em></strong></span> <span class='ocrx_word' id='word_1_189' title='bbox 1634 2294 1762 2338; x_wconf 84' lang='lat' dir='ltr'><strong><em>vox</em></strong></span> <span class='ocrx_word' id='word_1_190' title='bbox 1804 2276 1941 2338; x_wconf 88' lang='lat' dir='ltr'><strong><em>iam</em></strong></span> <span class='ocrx_word' id='word_1_191' title='bbox 1986 2272 2185 2338; x_wconf 87' lang='lat' dir='ltr'><strong><em>semel</em></strong></span> <span class='ocrx_word' id='word_1_192' title='bbox 2227 2272 2559 2359; x_wconf 81' lang='lat' dir='ltr'><strong><em>legebatur</em></strong></span> <span class='ocrx_word' id='word_1_193' title='bbox 2602 2273 2670 2335; x_wconf 89' lang='lat' dir='ltr'><strong><em>in</em></strong></span> 
     </span>
     <span class='ocr_line' id='line_1_20' title="bbox 298 2379 928 2444; baseline -0.003 -2"><span class='ocrx_word' id='word_1_194' title='bbox 298 2379 528 2444; x_wconf 88' lang='lat' dir='ltr'><strong><em>iisdem</em></strong></span> <span class='ocrx_word' id='word_1_195' title='bbox 577 2379 928 2442; x_wconf 72' lang='lat' dir='ltr'><strong><em>sententiis.</em></strong></span> 
     </span>
    </p>
   </div>
   <div class='ocr_carea' id='block_1_4' title="bbox 300 2482 2673 2674">
    <p class='ocr_par' dir='ltr' id='par_1_4' title="bbox 300 2482 2673 2674">
     <span class='ocr_line' id='line_1_21' title="bbox 385 2482 2673 2567; baseline -0.001 -19"><span class='ocrx_word' id='word_1_196' title='bbox 385 2483 686 2548; x_wconf 89' lang='lat' dir='ltr'><strong><em>Alterum</em></strong></span> <span class='ocrx_word' id='word_1_197' title='bbox 753 2482 978 2561; x_wconf 82' lang='lat' dir='ltr'><strong><em>eriqere</em></strong></span> <span class='ocrx_word' id='word_1_198' title='bbox 1047 2482 1230 2545; x_wconf 89' lang='lat' dir='ltr'><strong><em>aciem</em></strong></span> <span class='ocrx_word' id='word_1_199' title='bbox 1282 2505 1401 2563; x_wconf 89' lang='lat' dir='ltr'><strong><em>per</em></strong></span> <span class='ocrx_word' id='word_1_200' title='bbox 1467 2489 1713 2545; x_wconf 85' lang='lat' dir='ltr'><strong><em>montem</em></strong></span> <span class='ocrx_word' id='word_1_201' title='bbox 1778 2482 2136 2567; x_wconf 83' lang='lat' dir='ltr'><strong><em>significare</em></strong></span> <span class='ocrx_word' id='word_1_202' title='bbox 2201 2485 2311 2560; x_wconf 88' lang='lat' dir='ltr'><strong><em>„in</em></strong></span> <span class='ocrx_word' id='word_1_203' title='bbox 2371 2502 2673 2547; x_wconf 82' lang='lat' dir='ltr'><strong><em>cacumen</em></strong></span> 
     </span>
     <span class='ocr_line' id='line_1_22' title="bbox 300 2585 2507 2674; baseline -0.001 -22"><span class='ocrx_word' id='word_1_204' title='bbox 300 2609 558 2674; x_wconf 81' lang='lat' dir='ltr'><strong><em>pergere</em></strong></span> <span class='ocrx_word' id='word_1_205' title='bbox 605 2607 937 2653; x_wconf 89' lang='lat' dir='ltr'><strong><em>conscenso</em></strong></span> <span class='ocrx_word' id='word_1_206' title='bbox 985 2585 1196 2651; x_wconf 83' lang='lat' dir='ltr'><strong><em>clivo”</em></strong></span> <span class='ocrx_word' id='word_1_207' title='bbox 1249 2592 1509 2670; x_wconf 84' lang='lat' dir='ltr'><strong><em>apparet</em></strong></span> <span class='ocrx_word' id='word_1_208' title='bbox 1554 2607 1630 2651; x_wconf 86' lang='lat' dir='ltr'><strong><em>ex</em></strong></span> <span class='ocrx_word' id='word_1_209' title='bbox 1657 2585 1990 2670; x_wconf 78' lang='lat' dir='ltr'><strong><em>&#39;exemplis</em></strong></span> <span class='ocrx_word' id='word_1_210' title='bbox 2039 2607 2231 2671; x_wconf 86' lang='lat' dir='ltr'><strong><em>supra</em></strong></span> <span class='ocrx_word' id='word_1_211' title='bbox 2275 2589 2507 2651; x_wconf 88' lang='lat' dir='ltr'><strong><em>citatis.</em></strong></span> 
     </span>
    </p>
   </div>
   <div class='ocr_carea' id='block_1_5' title="bbox 298 2805 2705 3206">
    <p class='ocr_par' dir='ltr' id='par_1_5' title="bbox 298 2805 2705 3081">
     <span class='ocr_line' id='line_1_23' title="bbox 383 2805 2674 2887; baseline -0 -15"><span class='ocrx_word' id='word_1_212' title='bbox 383 2829 434 2872; x_wconf 82' lang='lat' dir='ltr'><strong><em>c.</em></strong></span> <span class='ocrx_word' id='word_1_213' title='bbox 486 2805 592 2871; x_wconf 84' lang='lat'><strong><em>36.</em></strong></span> <span class='ocrx_word' id='word_1_214' title='bbox 625 2806 683 2871; x_wconf 89' lang='grc'><strong><em>1.</em></strong></span> <span class='ocrx_word' id='word_1_215' title='bbox 756 2808 856 2869; x_wconf 88' lang='lat' dir='ltr'><strong><em>Cn.</em></strong></span> <span class='ocrx_word' id='word_1_216' title='bbox 899 2805 1212 2868; x_wconf 84' lang='lat' dir='ltr'><strong><em>-Octavius</em></strong></span> <span class='ocrx_word' id='word_1_217' title='bbox 1262 2813 1628 2887; x_wconf 76' lang='lat' dir='ltr'><strong><em>propraetor</em></strong></span> <span class='ocrx_word' id='word_1_218' title='bbox 1688 2829 1760 2869; x_wconf 80' lang='lat' dir='ltr'><strong><em>ea·</em></strong></span> <span class='ocrx_word' id='word_1_219' title='bbox 1806 2806 2095 2871; x_wconf 79' lang='lat' dir='ltr'><strong><em>Sardinia</em></strong></span> <span class='ocrx_word' id='word_1_220' title='bbox 2142 2807 2213 2869; x_wconf 81' lang='lat' dir='ltr'><strong><em>ab</em></strong></span> <span class='ocrx_word' id='word_1_221' title='bbox 2271 2806 2363 2871; x_wconf 72' lang='lat' dir='ltr'><strong><em>Pi.</em></strong></span> <span class='ocrx_word' id='word_1_222' title='bbox 2421 2808 2674 2871; x_wconf 82' lang='lat' dir='ltr'><strong><em>Claudio</em></strong></span> 
     </span>
     <span class='ocr_line' id='line_1_24' title="bbox 298 2910 2705 2997; baseline 0 -22"><span class='ocrx_word' id='word_1_223' title='bbox 298 2913 646 2995; x_wconf 86' lang='lat' dir='ltr'><strong><em>imperatore</em></strong></span> <span class='ocrx_word' id='word_1_224' title='bbox 665 2958 681 2988; x_wconf 95' lang='lat'><strong><em>,</em></strong></span> <span class='ocrx_word' id='word_1_225' title='bbox 750 2934 780 2973; x_wconf 91' lang='lat' dir='ltr'><strong><em>c</em></strong></span> <span class='ocrx_word' id='word_1_226' title='bbox 794 2934 835 2973; x_wconf 89' lang='lat' dir='ltr'><strong><em>u</em></strong></span> <span class='ocrx_word' id='word_1_227' title='bbox 851 2910 932 2973; x_wconf 88' lang='lat' dir='ltr'><strong><em>iu</em></strong></span> <span class='ocrx_word' id='word_1_228' title='bbox 947 2933 976 2973; x_wconf 88' lang='lat' dir='ltr'><strong><em>s</em></strong></span> <span class='ocrx_word' id='word_1_229' title='bbox 1039 2933 1110 2973; x_wconf 91' lang='lat' dir='ltr'><strong><em>ea</em></strong></span> <span class='ocrx_word' id='word_1_230' title='bbox 1145 2910 1470 2992; x_wconf 84' lang='lat' dir='ltr'><strong><em>provincia</em></strong></span> <span class='ocrx_word' id='word_1_231' title='bbox 1518 2918 1648 2974; x_wconf 89' lang='lat' dir='ltr'><strong><em>erat</em></strong></span> <span class='ocrx_word' id='word_1_232' title='bbox 1663 2960 1681 2988; x_wconf 91' lang='lat'><strong><em>,</em></strong></span> <span class='ocrx_word' id='word_1_233' title='bbox 1731 2912 2023 2993; x_wconf 68' lang='lat' dir='ltr'><strong><em>inqentem</em></strong></span> <span class='ocrx_word' id='word_1_234' title='bbox 2066 2913 2185 2975; x_wconf 86' lang='lat' dir='ltr'><strong><em>vim</em></strong></span> <span class='ocrx_word' id='word_1_235' title='bbox 2213 2913 2527 2997; x_wconf 80' lang='lat' dir='ltr'><strong><em>frumenti</em></strong></span> <span class='ocrx_word' id='word_1_236' title='bbox 2571 2914 2705 2975; x_wconf 84' lang='lat' dir='ltr'><strong><em>ad·-</em></strong></span> 
     </span>
     <span class='ocr_line' id='line_1_25' title="bbox 303 3018 479 3081; baseline 0 -1"><span class='ocrx_word' id='word_1_237' title='bbox 303 3018 479 3081; x_wconf 69' lang='lat' dir='ltr'><strong><em>vexit.</em></strong></span> 
     </span>
    </p>

    <p class='ocr_par' dir='ltr' id='par_1_6' title="bbox 389 3118 2670 3206">
     <span class='ocr_line' id='line_1_26' title="bbox 389 3118 2670 3206; baseline 0 -19"><span class='ocrx_word' id='word_1_238' title='bbox 389 3120 653 3206; x_wconf 82' lang='lat' dir='ltr'><strong><em>Corrige</em></strong></span> <span class='ocrx_word' id='word_1_239' title='bbox 692 3121 817 3184; x_wconf 90' lang='lat' dir='ltr'><strong><em>cui</em></strong></span> <span class='ocrx_word' id='word_1_240' title='bbox 855 3143 925 3183; x_wconf 91' lang='lat' dir='ltr'><strong><em>ea</em></strong></span> <span class='ocrx_word' id='word_1_241' title='bbox 935 3143 1042 3202; x_wconf 91' lang='lat' dir='ltr'><strong><em>pr.</em></strong></span> <span class='ocrx_word' id='word_1_242' title='bbox 1068 3128 1216 3184; x_wconf 88' lang='lat' dir='ltr'><strong><em>erat.</em></strong></span> <span class='ocrx_word' id='word_1_243' title='bbox 1260 3118 1357 3185; x_wconf 86' lang='lat' dir='ltr'><strong><em>Of.</em></strong></span> <span class='ocrx_word' id='word_1_244' title='bbox 1385 3122 1418 3204; x_wconf 60' lang='grc' dir='ltr'>ξ</span> <span class='ocrx_word' id='word_1_245' title='bbox 1445 3119 1486 3184; x_wconf 86' lang='grc'>4</span> <span class='ocrx_word' id='word_1_246' title='bbox 1513 3121 1609 3183; x_wconf 90' lang='lat' dir='ltr'><strong><em>cui</em></strong></span> <span class='ocrx_word' id='word_1_247' title='bbox 1631 3122 1872 3184; x_wconf 87' lang='lat' dir='ltr'><strong><em>Bruttii</em></strong></span> <span class='ocrx_word' id='word_1_248' title='bbox 1885 3144 1989 3204; x_wconf 89' lang='lat' dir='ltr'><strong><em>pr.</em></strong></span> <span class='ocrx_word' id='word_1_249' title='bbox 2016 3129 2147 3185; x_wconf 89' lang='lat' dir='ltr'><strong><em>erat</em></strong></span> <span class='ocrx_word' id='word_1_250' title='bbox 2170 3127 2273 3201; x_wconf 91' lang='lat'><strong><em>(=</em></strong></span> <span class='ocrx_word' id='word_1_251' title='bbox 2300 3121 2405 3186; x_wconf 83' lang='lat'><strong><em>31.</em></strong></span> <span class='ocrx_word' id='word_1_252' title='bbox 2440 3122 2541 3187; x_wconf 79' lang='lat'><strong><em>12.</em></strong></span> <span class='ocrx_word' id='word_1_253' title='bbox 2575 3122 2640 3202; x_wconf 95' lang='grc'><strong><em>1)</em></strong></span> <span class='ocrx_word' id='word_1_254' title='bbox 2653 3143 2670 3201; x_wconf 86' lang='lat'>;</span> 
     </span>
    </p>
   </div>
   <div class='ocr_carea' id='block_1_6' title="bbox 302 3224 2669 3411">
    <p class='ocr_par' dir='ltr' id='par_1_7' title="bbox 302 3224 2669 3411">
     <span class='ocr_line' id='line_1_27' title="bbox 304 3224 2669 3309; baseline 0 -20"><span class='ocrx_word' id='word_1_255' title='bbox 304 3225 494 3290; x_wconf 87' lang='grc'><strong>3.10.</strong></span> <span class='ocrx_word' id='word_1_256' title='bbox 523 3224 561 3289; x_wconf 86' lang='grc'>5</span> <span class='ocrx_word' id='word_1_257' title='bbox 627 3225 810 3289; x_wconf 84' lang='lat' dir='ltr'><strong><em>alteri</em></strong></span> <span class='ocrx_word' id='word_1_258' title='bbox 869 3232 937 3288; x_wconf 92' lang='lat' dir='ltr'><strong><em>ut</em></strong></span> <span class='ocrx_word' id='word_1_259' title='bbox 998 3224 1190 3309; x_wconf 83' lang='lat' dir='ltr'><strong><em>Aequi</em></strong></span> <span class='ocrx_word' id='word_1_260' title='bbox 1236 3247 1344 3306; x_wconf 88' lang='lat' dir='ltr'><strong><em>pr.</em></strong></span> <span class='ocrx_word' id='word_1_261' title='bbox 1408 3232 1575 3291; x_wconf 87' lang='lat' dir='ltr'><strong><em>esset.</em></strong></span> <span class='ocrx_word' id='word_1_262' title='bbox 1644 3224 1749 3289; x_wconf 86' lang='lat'><strong><em>30.</em></strong></span> <span class='ocrx_word' id='word_1_263' title='bbox 1777 3224 1883 3289; x_wconf 85' lang='lat'><strong><em>43.</em></strong></span> <span class='ocrx_word' id='word_1_264' title='bbox 1916 3226 1948 3289; x_wconf 92' lang='grc'>1</span> <span class='ocrx_word' id='word_1_265' title='bbox 1999 3226 2097 3289; x_wconf 91' lang='lat' dir='ltr'><strong><em>cui</em></strong></span> <span class='ocrx_word' id='word_1_266' title='bbox 2141 3226 2350 3290; x_wconf 76' lang='lat' dir='ltr'><strong><em>classis</em></strong></span> <span class='ocrx_word' id='word_1_267' title='bbox 2384 3249 2485 3307; x_wconf 88' lang='lat' dir='ltr'><strong><em>pr.</em></strong></span> <span class='ocrx_word' id='word_1_268' title='bbox 2539 3234 2669 3290; x_wconf 91' lang='lat' dir='ltr'><strong><em>erat</em></strong></span> 
     </span>
     <span class='ocr_line' id='line_1_28' title="bbox 302 3330 782 3411; baseline -0.004 -16"><span class='ocrx_word' id='word_1_269' title='bbox 302 3337 400 3411; x_wconf 96' lang='lat'><strong><em>(=</em></strong></span> <span class='ocrx_word' id='word_1_270' title='bbox 425 3330 531 3395; x_wconf 85' lang='lat'><strong><em>43.</em></strong></span> <span class='ocrx_word' id='word_1_271' title='bbox 559 3330 667 3395; x_wconf 88' lang='grc'><strong><em>48.</em></strong></span> <span class='ocrx_word' id='word_1_272' title='bbox 698 3330 782 3411; x_wconf 82' lang='lat'><strong><em>5).</em></strong></span> 
     </span>
    </p>
   </div>
   <div class='ocr_carea' id='block_1_7' title="bbox 295 3548 2675 4369">
    <p class='ocr_par' dir='ltr' id='par_1_8' title="bbox 387 3548 2345 3634">
     <span class='ocr_line' id='line_1_29' title="bbox 387 3548 2345 3634; baseline -0.002 -21"><span class='ocrx_word' id='word_1_273' title='bbox 387 3548 721 3634; x_wconf 82' lang='lat' dir='ltr'><strong><em>Subiungo</em></strong></span> <span class='ocrx_word' id='word_1_274' title='bbox 768 3548 937 3613; x_wconf 89' lang='lat' dir='ltr'><strong><em>locos</em></strong></span> <span class='ocrx_word' id='word_1_275' title='bbox 982 3550 1430 3615; x_wconf 83' lang='lat' dir='ltr'><strong><em>additamentis</em></strong></span> <span class='ocrx_word' id='word_1_276' title='bbox 1478 3555 1540 3613; x_wconf 88' lang='lat' dir='ltr'><strong><em>et</em></strong></span> <span class='ocrx_word' id='word_1_277' title='bbox 1587 3548 1992 3634; x_wconf 83' lang='lat' dir='ltr'><strong><em>glossematis</em></strong></span> <span class='ocrx_word' id='word_1_278' title='bbox 2039 3552 2345 3612; x_wconf 65' lang='lat' dir='ltr'><strong><em>oneratos</em></strong></span> 
     </span>
    </p>

    <p class='ocr_par' dir='ltr' id='par_1_9' title="bbox 295 3652 2673 4053">
     <span class='ocr_line' id='line_1_30' title="bbox 387 3652 2673 3738; baseline -0.002 -19"><span class='ocrx_word' id='word_1_279' title='bbox 387 3676 437 3719; x_wconf 89' lang='lat' dir='ltr'><strong><em>c.</em></strong></span> <span class='ocrx_word' id='word_1_280' title='bbox 489 3654 550 3719; x_wconf 80' lang='grc'><strong><em>2.</em></strong></span> <span class='ocrx_word' id='word_1_281' title='bbox 582 3654 646 3718; x_wconf 92' lang='grc'><strong><em>6.</em></strong></span> <span class='ocrx_word' id='word_1_282' title='bbox 711 3654 1002 3718; x_wconf 74' lang='lat' dir='ltr'><strong><em>,Dentubus</em></strong></span> <span class='ocrx_word' id='word_1_283' title='bbox 1062 3656 1119 3719; x_wconf 90' lang='lat' dir='ltr'><strong><em>ei</em></strong></span> <span class='ocrx_word' id='word_1_284' title='bbox 1164 3657 1342 3737; x_wconf 87' lang='lat' dir='ltr'><strong><em>parti</em></strong></span> <span class='ocrx_word' id='word_1_285' title='bbox 1389 3677 1556 3717; x_wconf 89' lang='lat' dir='ltr'><strong><em>usum</em></strong></span> <span class='ocrx_word' id='word_1_286' title='bbox 1603 3654 1822 3737; x_wconf 84' lang='lat' dir='ltr'><strong><em>equitis</em></strong></span> <span class='ocrx_word' id='word_1_287' title='bbox 1848 3655 2005 3738; x_wconf 83' lang='lat' dir='ltr'><strong><em>fore</em></strong></span> <span class='ocrx_word' id='word_1_288' title='bbox 2049 3661 2220 3716; x_wconf 88' lang='lat' dir='ltr'><strong><em>ratus</em></strong></span> <span class='ocrx_word' id='word_1_289' title='bbox 2241 3702 2257 3730; x_wconf 92' lang='lat'><strong><em>,</em></strong></span> <span class='ocrx_word' id='word_1_290' title='bbox 2307 3675 2456 3736; x_wconf 86' lang='lat' dir='ltr'><strong><em>quae</em></strong></span> <span class='ocrx_word' id='word_1_291' title='bbox 2488 3652 2673 3734; x_wconf 87' lang='lat' dir='ltr'><strong><em>prior</em></strong></span> 
     </span>
     <span class='ocr_line' id='line_1_31' title="bbox 303 3754 2669 3844; baseline 0 -23"><span class='ocrx_word' id='word_1_292' title='bbox 303 3760 365 3822; x_wconf 89' lang='lat' dir='ltr'><strong><em>in</em></strong></span> <span class='ocrx_word' id='word_1_293' title='bbox 399 3760 790 3824; x_wconf 75' lang='lat' dir='ltr'><strong><em>dehiscentem</em></strong></span> <span class='ocrx_word' id='word_1_294' title='bbox 837 3760 1274 3837; x_wconf 80' lang='lat' dir='ltr'><strong><em>&lt;interval</em></strong></span> <span class='ocrx_word' id='word_1_295' title='bbox 1289 3761 1316 3822; x_wconf 81' lang='lat' dir='ltr'><em>l</em></span> <span class='ocrx_word' id='word_1_296' title='bbox 1329 3760 1471 3839; x_wconf 90' lang='lat' dir='ltr'><strong><em>is&gt;</em></strong></span> <span class='ocrx_word' id='word_1_297' title='bbox 1519 3754 1775 3821; x_wconf 77' lang='lat' dir='ltr'><strong><em>hostium</em></strong></span> <span class='ocrx_word' id='word_1_298' title='bbox 1820 3758 2004 3821; x_wconf 90' lang='lat' dir='ltr'><strong><em>aciem</em></strong></span> <span class='ocrx_word' id='word_1_299' title='bbox 2052 3759 2274 3844; x_wconf 86' lang='lat' dir='ltr'><strong><em>equites</em></strong></span> <span class='ocrx_word' id='word_1_300' title='bbox 2311 3758 2669 3835; x_wconf 69' lang='lat' dir='ltr'><strong><em>immisisset,</em></strong></span> 
     </span>
     <span class='ocr_line' id='line_1_32' title="bbox 305 3864 2671 3951; baseline 0.001 -25"><span class='ocrx_word' id='word_1_301' title='bbox 305 3865 532 3928; x_wconf 75' lang='lat' dir='ltr'><strong><em>tribuno</em></strong></span> <span class='ocrx_word' id='word_1_302' title='bbox 579 3864 833 3927; x_wconf 81' lang='lat' dir='ltr'><strong><em>mititwm</em></strong></span> <span class='ocrx_word' id='word_1_303' title='bbox 881 3864 1170 3946; x_wconf 88' lang='lat' dir='ltr'><strong><em>imperat,</em></strong></span> <span class='ocrx_word' id='word_1_304' title='bbox 1221 3865 1443 3951; x_wconf 87' lang='lat' dir='ltr'><strong><em>equites</em></strong></span> <span class='ocrx_word' id='word_1_305' title='bbox 1476 3887 1594 3946; x_wconf 87' lang='lat' dir='ltr'><strong><em>per</em></strong></span> <span class='ocrx_word' id='word_1_306' title='bbox 1629 3870 1911 3945; x_wconf 89' lang='lat' dir='ltr'><strong><em>patentes</em></strong></span> <span class='ocrx_word' id='word_1_307' title='bbox 1956 3864 2023 3926; x_wconf 93' lang='lat' dir='ltr'><strong><em>in</em></strong></span> <span class='ocrx_word' id='word_1_308' title='bbox 2068 3864 2321 3927; x_wconf 75' lang='lat' dir='ltr'><strong><em>hostium</em></strong></span> <span class='ocrx_word' id='word_1_309' title='bbox 2366 3865 2495 3927; x_wconf 87' lang='lat' dir='ltr'><strong><em>acie</em></strong></span> <span class='ocrx_word' id='word_1_310' title='bbox 2539 3865 2671 3928; x_wconf 83' lang='lat' dir='ltr'><strong><em>vias</em></strong></span> 
     </span>
     <span class='ocr_line' id='line_1_33' title="bbox 295 3970 1121 4053; baseline 0.001 -20"><span class='ocrx_word' id='word_1_311' title='bbox 295 3970 639 4051; x_wconf 87' lang='lat' dir='ltr'><strong><em>permittere</em></strong></span> <span class='ocrx_word' id='word_1_312' title='bbox 685 3991 858 4053; x_wconf 81' lang='lat' dir='ltr'><strong><em>equos</em></strong></span> <span class='ocrx_word' id='word_1_313' title='bbox 903 3970 1121 4034; x_wconf 83' lang='lat' dir='ltr'><strong><em>iubeat.</em></strong></span> 
     </span>
    </p>

    <p class='ocr_par' dir='ltr' id='par_1_10' title="bbox 303 4074 2675 4369">
     <span class='ocr_line' id='line_1_34' title="bbox 388 4074 2675 4160; baseline -0 -21"><span class='ocrx_word' id='word_1_314' title='bbox 388 4075 728 4140; x_wconf 84' lang='lat' dir='ltr'><strong><em>Emblema</em></strong></span> <span class='ocrx_word' id='word_1_315' title='bbox 782 4077 1106 4160; x_wconf 90' lang='lat' dir='ltr'><strong><em>imprimis</em></strong></span> <span class='ocrx_word' id='word_1_316' title='bbox 1152 4074 1499 4139; x_wconf 90' lang='lat' dir='ltr'><strong><em>molestum</em></strong></span> <span class='ocrx_word' id='word_1_317' title='bbox 1544 4080 1802 4159; x_wconf 88' lang='lat' dir='ltr'><strong><em>propter</em></strong></span> <span class='ocrx_word' id='word_1_318' title='bbox 1846 4076 2203 4158; x_wconf 88' lang='lat' dir='ltr'><strong><em>sequentia:</em></strong></span> <span class='ocrx_word' id='word_1_319' title='bbox 2246 4096 2360 4155; x_wconf 85' lang='lat' dir='ltr'><strong><em>per</em></strong></span> <span class='ocrx_word' id='word_1_320' title='bbox 2394 4082 2675 4157; x_wconf 85' lang='lat' dir='ltr'><strong><em>patentes</em></strong></span> 
     </span>
     <span class='ocr_line' id='line_1_35' title="bbox 303 4178 2673 4266; baseline 0.001 -24"><span class='ocrx_word' id='word_1_321' title='bbox 303 4180 344 4244; x_wconf 88' lang='lat' dir='ltr'><strong><em>i.</em></strong></span> <span class='ocrx_word' id='word_1_322' title='bbox 394 4183 452 4246; x_wconf 76' lang='lat' dir='ltr'><strong><em>h.</em></strong></span> <span class='ocrx_word' id='word_1_323' title='bbox 504 4206 562 4245; x_wconf 90' lang='lat' dir='ltr'><strong><em>a.</em></strong></span> <span class='ocrx_word' id='word_1_324' title='bbox 610 4181 744 4243; x_wconf 82' lang='lat' dir='ltr'><strong><em>vias</em></strong></span> <span class='ocrx_word' id='word_1_325' title='bbox 791 4186 854 4244; x_wconf 89' lang='lat' dir='ltr'><strong><em>et</em></strong></span> <span class='ocrx_word' id='word_1_326' title='bbox 901 4183 1193 4266; x_wconf 87' lang='lat' dir='ltr'><strong><em>proxime</em></strong></span> <span class='ocrx_word' id='word_1_327' title='bbox 1239 4180 1679 4266; x_wconf 87' lang='lat' dir='ltr'><strong><em>praecedentia</em></strong></span> <span class='ocrx_word' id='word_1_328' title='bbox 1729 4178 1827 4264; x_wconf 67' lang='lat'><strong><em>§5</em></strong></span> <span class='ocrx_word' id='word_1_329' title='bbox 1875 4181 2033 4243; x_wconf 89' lang='lat' dir='ltr'><strong><em>inter</em></strong></span> <span class='ocrx_word' id='word_1_330' title='bbox 2070 4203 2291 4243; x_wconf 90' lang='lat' dir='ltr'><strong><em>cornua</em></strong></span> <span class='ocrx_word' id='word_1_331' title='bbox 2329 4188 2386 4243; x_wconf 94' lang='lat' dir='ltr'><strong><em>et</em></strong></span> <span class='ocrx_word' id='word_1_332' title='bbox 2421 4181 2673 4244; x_wconf 83' lang='lat' dir='ltr'><strong><em>mediam</em></strong></span> 
     </span>
     <span class='ocr_line' id='line_1_36' title="bbox 304 4284 2669 4369; baseline 0.001 -19"><span class='ocrx_word' id='word_1_333' title='bbox 304 4287 481 4351; x_wconf 87' lang='lat' dir='ltr'><strong><em>aciem</em></strong></span> <span class='ocrx_word' id='word_1_334' title='bbox 543 4286 875 4351; x_wconf 80' lang='lat' dir='ltr'><strong><em>intervalla</em></strong></span> <span class='ocrx_word' id='word_1_335' title='bbox 906 4288 1192 4369; x_wconf 85' lang='lat' dir='ltr'><strong><em>patentia</em></strong></span> <span class='ocrx_word' id='word_1_336' title='bbox 1209 4335 1226 4364; x_wconf 92' lang='lat'><strong><em>,</em></strong></span> <span class='ocrx_word' id='word_1_337' title='bbox 1274 4287 1439 4351; x_wconf 90' lang='lat' dir='ltr'><strong><em>unde</em></strong></span> <span class='ocrx_word' id='word_1_338' title='bbox 1487 4284 1871 4351; x_wconf 89' lang='lat' dir='ltr'><strong><em>vocabulum</em></strong></span> <span class='ocrx_word' id='word_1_339' title='bbox 1917 4286 2044 4350; x_wconf 88' lang='lat' dir='ltr'><strong><em>huc</em></strong></span> <span class='ocrx_word' id='word_1_340' title='bbox 2086 4284 2348 4352; x_wconf 75' lang='lat' dir='ltr'><strong><em>illatum</em></strong></span> <span class='ocrx_word' id='word_1_341' title='bbox 2393 4287 2669 4353; x_wconf 84' lang='lat' dir='ltr'><strong><em>videtur.</em></strong></span> 
     </span>
    </p>
   </div>
  </div>
 </body>
</html>
