3351 5463
1257 1012 1649 1103 STUDIA
1705 1009 2416 1104 LUGRETIANA.

1706 1249 1954 1289 SCRIPSIT

1527 1431 1586 1497 J.
1651 1431 1731 1496 W
1750 1430 1801 1494 O
1818 1430 1871 1495 L
1890 1430 1941 1494 'I‘
1958 1430 1997 1496 J
2015 1430 2069 1494 E
2087 1429 2163 1496 R.

1130 1599 1605 1680 (Continuantacr
1648 1621 1681 1661 e
1740 1599 1869 1663 Vol.
1918 1596 2144 1662 XXIII
2179 1619 2329 1680 paq.
2380 1593 2561 1673 328).

1667 1900 2041 1944 -W-
2164 1902 2172 1910 “

749 2132 855 2197 Vs.
907 2131 1171 2196 50—61

843 2240 1016 2319 Quod
1055 2260 1235 2319 super
1281 2245 1368 2301 est
1413 2283 1430 2300 .
1462 2284 1475 2301 .
1509 2284 1523 2300 .
1576 2237 1736 2320 quod
1778 2257 1850 2298 em
1897 2234 2032 2297 ilbi-s·
2076 2242 2217 2297 sunt
2263 2235 2461 2298 omnia
2495 2233 2720 2316 primis

655 2350 720 2409 et
763 2365 859 2410 vs.
913 2342 1268 2408 136—145

725 2507 732 2513 .
835 2451 966 2514 Nec
1009 2473 1099 2514 me
1144 2450 1333 2514 animi
1361 2449 1564 2536 fallit
1611 2499 1626 2515 .
1657 2497 1672 2513 .
1702 2496 1717 2512 .
1755 2449 2006 2530 penitus
2052 2447 2351 2512 convisere
2383 2447 2605 2529 possis.

655 2555 793 2621 Hos
838 2577 1060 2622 versus
1106 2556 1367 2644 Brieger
1413 2555 1712 2622 seclusit:
1764 2558 1980 2619 minus
2027 2560 2196 2619 recte
2214 2603 2230 2632 ,
2281 2557 2349 2618 ni
2396 2552 2603 2619 fallor.

745 2665 820 2729 In
867 2667 1147 2730 carmine
1195 2667 1301 2730 cui
1346 2670 1566 2730 auctor
1613 2668 2007 2749 postremam
2054 2682 2321 2726 manum
2361 2682 2486 2725 non
2527 2660 2817 2724 admovit
2854 2677 3039 2744 quae-

659 2774 808 2839 dam
867 2794 995 2837 non
1053 2775 1148 2837 ita
1211 2792 1345 2837 esse
1406 2770 1711 2836 collocata
1730 2819 1745 2847 ,
1803 2774 1879 2834 ut
1924 2771 2131 2834 omnis
2178 2770 2606 2834 controversia
2652 2768 2818 2832 absit
2835 2814 2852 2844 ‚
2902 2786 3042 2829 con-

657 2885 1034 2944 sentaneum
1094 2884 1210 2943 est.
1276 2879 1583 2942 Attamen
1626 2882 1922 2941 nostrum
1967 2898 2090 2941 non
2138 2881 2236 2941 est
2281 2898 2536 2942 carmen
2586 2874 3038 2959 imperfectum

657 2988 972 3069 corrigere
991 3031 1006 3061 ,
1074 2985 1184 3048 sed
1245 2985 1519 3049 formam
1565 3003 1709 3049 eam
1755 2985 2092 3049 restituere
2110 3032 2127 3061 ,
2178 3004 2371 3068 quam
2418 2988 2805 3068 postremam
2852 2984 3043 3067 poeta

657 3091 938 3175 reliquit.
1001 3088 1082 3154 Ei
1136 3092 1344 3175 igitur
1390 3092 1501 3175 qui
1548 3110 1769 3155 versus
1816 3089 2086 3155 secludit
2134 3095 2246 3155 aut
2290 3091 2648 3176 transponit
2693 3088 3042 3153 necessario

657 3196 723 3261 id
784 3195 1148 3260 faciendum
1209 3216 1345 3262 esse
1409 3196 1972 3261 demonstrandum
2036 3202 2133 3260 est
2148 3216 2165 3274 ;
2230 3217 2355 3260 non
2420 3195 2655 3260 sufficit
2716 3192 3043 3259 ostendere

660 3300 863 3367 alium
925 3300 1210 3365 ordinem
1270 3323 1405 3367 esse
1452 3301 1826 3367 meliorem..
1878 3302 2113 3367 Forma
2159 3300 2393 3365 tradita
2434 3321 2619 3365 suam
2666 3300 2858 3364 habet
2903 3319 3045 3363 auc-

659 3410 989 3472 toritatem
1008 3455 1024 3484 ,
1088 3407 1166 3471 de
1229 3429 1360 3497 qua·
1415 3407 1542 3472 n'on
1593 3407 1748 3472 licet
1790 3410 1918 3471 nisi
1962 3410 2335 3472 certissimis
2382 3408 2781 3492 argumentis
2829 3404 3043 3469 allatis

662 3515 1004 3597 quicquam
1065 3512 1388 3599 derogare.
1454 3513 1634 3592 Quod
1695 3515 1755 3579 si
1818 3515 1962 3597 quis
2018 3513 2311 3600 neglegit
2331 3562 2346 3592 ,
2398 3506 2600 3578 totius
2646 3510 3042 3598 philologiae

664 3618 1155 3683 fundamentum
1205 3621 1506 3685 subruere
1553 3620 1721 3683 mihi
1768 3618 2045 3684 videtur.

752 3722 937 3788 Hanc
974 3724 1052 3788 ob
1093 3744 1351 3789 causam
1390 3747 1518 3790 non
1557 3746 1703 3789 sum
1743 3724 2291 3790 demonstraturus
2330 3729 2701 3790 contextum
2738 3725 3047 3809 prooemii

660 3829 1016 3915 perfectum
1078 3850 1211 3895 esse
1230 3880 1246 3908 ,
1311 3831 1421 3896 sed
1481 3830 1679 3896 talem
1725 3833 1838 3916 qui
1882 3833 1951 3895 in
1997 3832 2118 3896 hoc
2165 3833 2443 3897 carmine
2488 3831 2860 3916 imperfecto
2906 3850 3046 3914 pro-

661 3934 803 4000 bari
845 3937 1068 4019 possit.

755 4040 860 4105 Vs.
913 4038 999 4105 50
1069 4043 1296 4126 incipit
1344 4063 1381 4107 a
1425 4044 1639 4108 verbis
1686 4063 1846 4129 quae
1895 4048 2045 4117 sunt
2092 4044 2251 4129 quod
2291 4067 2473 4129 super
2518 4051 2625 4107 est.

661 4147 923 4213 Lachm.
989 4147 1320 4213 existimat
1386 4155 1572 4225 „ante
1616 4150 1734 4214 hos
1781 4169 2004 4213 versus
2027 4197 2043 4226 ,
2091 4150 2203 4214 ubi
2249 4149 2567 4215 emblema
2613 4151 2690 4214 ab
2740 4148 2859 4213 hoc
2902 4148 3043 4214 loco

662 4253 944 4321 alienum
983 4251 1352 4338 repudiavit
1368 4303 1384 4332 ,
1425 4276 1578 4320 vera
1600 4254 1887 4321 Lucretii
1911 4256 2107 4320 verba
2129 4257 2452 4341 periisse.''
2496 4256 2800 4322 Bockem.
2829 4261 3047 4320 contra

662 4382 788 4428 vss.
833 4358 1096 4424 50-61
1149 4358 1488 4425 collocavit
1533 4365 1674 4447 post
1715 4381 1809 4426 vs.
1858 4360 1986 4424 155
2014 4360 2225 4442 (188),
2272 4366 2421 4447 quia
2459 4366 2618 4449 quod
2648 4367 2919 4444 superest
2954 4363 3046 4425 in-

657 4468 832 4533 dicet
876 4470 1276 4553 postremum·
1320 4468 1689 4533 membrum
1735 4469 2161 4532 necessarium
2209 4471 2665 4535 continuorum
2711 4483 3048 4555 argumen-
