3351 5463
572 353 585 363 '
642 353 771 421 152
1124 321 1129 326 ’
1630 369 2021 421 issemus.

635 545 791 614 stv,
849 557 1045 622 quam
1098 540 1632 602 constructionem
1652 586 1666 615 ,
1718 540 1838 602 etsi
1881 558 2010 603 non
2057 538 2386 604 insolitam
2406 589 2423 618 ,
2473 543 2716 607 evitare
2764 538 3015 605 malim.

634 642 809 707 Mihi
853 642 1039 707 valde
1086 642 1437 708 verisimile
1482 650 1580 709 est
1628 653 1946 724 κρατεῖται
1995 644 2160 709 nihil
2207 645 2385 710 aliud
2431 667 2566 711 esse
2614 667 2812 730 quam
2848 645 3026 732 glos—

634 770 775 815 sam
813 752 883 813 in
918 754 1167 813 textum
1212 755 1531 834 receptam
1572 772 1686 835 pro
1725 752 2010 827 ἡγεῖται,
2053 752 2221 836 quod
2257 755 2327 816 in
2364 751 2502 818 loco
2544 758 2862 837 corrupto,
2897 775 3025 818 non

633 854 958 919 intellecto
975 904 991 932 ,
1064 876 1398 940 perperam
1467 855 1843 921 scholiastae
1914 856 2020 921 vel
2097 858 2338 922 scribae
2405 860 2662 923 cuidam
2732 858 3020 923 eiusdem

633 948 1121 1046 significationis
1178 962 1506 1037 videretur
1559 983 1631 1027 ac
1683 971 2040 1041 κρατεῖται,
2107 966 2443 1050 „princeps
2490 970 2619 1042 est,
2669 964 3016 1050 imperat''.

634 1067 1011 1152 Legendum
1059 1087 1318 1133 censeo:

1089 1176 1340 1252 ἡγεῖται
1387 1175 1449 1239 δὲ
1497 1175 1593 1245 τίς
1641 1175 1711 1239 τὸ
1760 1175 1949 1252 μῆδος
1998 1176 2139 1239 θεῶν

1088 1280 1411 1359 ὑπουργεῖν
1458 1289 1670 1352 κοικοῒς
1689 1301 1706 1359 ;

632 1387 677 1452 i.
704 1406 757 1450 6.
806 1385 942 1470 quis
986 1392 1073 1449 est
1090 1434 1106 1463 ,
1148 1386 1252 1470 qui
1284 1393 1466 1468 putet
1513 1388 1752 1449 deorum
1798 1386 2112 1450 consibium
2156 1388 2334 1451 malis
2383 1388 2681 1470 opitulari
2701 1388 2738 1451 ?

725 1597 1007 1685 Choeph.
1062 1597 1257 1664 1040.

937 1696 941 1701 ¹
1084 1706 1170 1770 τὰ
1216 1705 1269 1768 δ’
1316 1706 1377 1768 ἐν
1422 1703 1615 1786 χρόνῳ
1665 1729 1766 1782 μοι
1815 1705 2064 1779 πάντας
2110 1708 2426 1787 Ἀργείους
2476 1707 2644 1786 λέγω

1087 1812 1191 1875 καὶ
1239 1819 1566 1891 μαρτυρεῖν
1615 1836 1717 1887 μοι
1767 1812 2071 1888 μενέλεως
2119 1814 2445 1892 ἐπορσύνθη
2497 1814 2687 1880 κακοί.

1088 1918 1208 1993 ἐγὼ
1258 1916 1310 1980 δ’
1359 1919 1598 1993 ἀλήτης
1646 1917 1831 1989 τῆσδε
1881 1927 2002 1994 γῆς
2050 1917 2382 1997 ἀπόξενος,

1085 2023 1198 2105 ζῶν
1247 2024 1350 2087 καὶ
1402 2025 1695 2095 τεθνηκὼς
1742 2023 1935 2088 τάσδε
1984 2025 2279 2099 κληδόνας
2328 2026 2542 2091 λιπών.

634 2128 707 2193 In
765 2129 1040 2194 secundo
1103 2150 1297 2195 versu
1349 2130 1625 2194 duorum
1673 2150 1984 2195 versuum
2031 2130 2331 2216 reliquias
2379 2135 2837 2198 consarcinatas
2885 2153 3021 2197 esse

581 2270 586 2277 ·
632 2238 889 2300 monuit
955 2234 1173 2299 Franz.
1245 2234 1428 2314 Quod
1486 2234 1636 2299 licet
1698 2256 1928 2300 verum
1991 2239 2078 2300 sit
2138 2236 2244 2301 vel
2305 2258 2440 2301 esse
2503 2241 2740 2322 possit,
2802 2244 3020 2303 tamen

630 2340 809 2404 nullo
871 2341 1061 2405 modo
1110 2362 1187 2405 ex
1230 2340 1402 2405 hisce
1449 2342 1662 2405 verbis
1711 2340 1815 2406 vel
1863 2342 2212 2406 verborum
2258 2346 2555 2429 vestigiis
2604 2344 2847 2429 aliquid
2895 2344 3018 2409 effi-

632 2468 771 2511 cere
808 2468 1186 2532 possumus,
1231 2447 1397 2531 quod
1435 2449 1727 2531 proxime
1768 2448 2023 2512 accedat
2057 2449 2143 2512 ad
2176 2469 2249 2513 ea
2275 2469 2433 2533 quae
2459 2455 2646 2534 poeta
2670 2453 3019 2535 scripserit.

544 2613 553 2625 ,
631 2550 982 2618 Conamina
1043 2555 1372 2617 variorum
1436 2554 1724 2616 virorum
1791 2553 2126 2618 doctorum
2171 2575 2295 2618 non
2343 2554 2618 2621 afferam.
2685 2555 2981 2647 Praestat
3004 2604 3021 2633 ‚

629 2662 685 2723 si
725 2660 880 2744 quid
918 2658 1125 2737 video,
1167 2660 1323 2723 haec
1364 2659 1557 2723 verba
1594 2661 1856 2723 reiicere
1898 2665 1962 2723 et
1999 2659 2298 2723 lacunam
2333 2664 2739 2746 paucissimis
2763 2663 2981 2727 verbis
3001 2711 3018 2741 ,

564 2766 569 2772 ”
630 2765 740 2830 sed
797 2768 879 2830 iis
943 2766 1100 2830 bene
1164 2765 1449 2842 selectis,
1522 2765 1778 2850 explere
1839 2772 1915 2829 ut
1959 2765 2136 2830 locus
2183 2766 2481 2853 intellegi
2529 2774 2739 2852 queat.
2814 2768 3022 2833 Multi

626 2874 911 2956 integros
958 2892 1181 2936 versus
1229 2869 1475 2947 delent,
1526 2871 1693 2934 mihi
1733 2892 1934 2955 pauca
1974 2873 2166 2936 verba
2205 2879 2504 2957 corrupta
2543 2876 2766 2938 eiicere
2804 2873 3018 2938 liceat.

629 2975 805 3040 Malo
866 2979 1041 3040 enim
1106 2996 1307 3059 pauca
1367 2995 1563 3060 eaque
1610 2979 2129 3061 corruptissima,
2181 2978 2389 3041 forsan
2438 3000 2470 3042 e
2516 2978 2748 3063 glossis
2795 2977 3016 3056 illata,

630 3081 839 3146 delere
904 3103 1098 3166 quam
1160 3081 1346 3166 plura
1391 3082 1587 3146 verba
1632 3085 2044 3148 universasve
2093 3086 2438 3147 sententias
2485 3083 2712 3149 addere
2759 3085 2835 3148 de
2882 3088 3024 3168 qui-

626 3189 747 3254 bus
794 3186 1059 3252 fortasse
1104 3193 1293 3273 poeta
1340 3208 1418 3251 ne
1466 3191 1848 3274 cogitaverit
1895 3190 2173 3273 quidem.

720 3294 1086 3358 Videamus.
1162 3293 1413 3358 Orestes
1474 3299 1748 3360 testatus
1811 3301 1939 3372 est,
2005 3316 2070 3360 se
2129 3298 2312 3360 iussu
2373 3295 2690 3381 Apollinis
2737 3302 3020 3363 matrem

626 3402 1036 3465 interfecisse.
1087 3399 1272 3464 Nunc
1319 3403 1568 3486 pergit:
1617 3400 1745 3465 Vos
1766 3449 1781 3478 ‚
1831 3403 2108 3486 Argivos
2155 3423 2406 3478 omnes,
2460 3423 2568 3466 oro
2608 3409 2674 3466 et
2713 3404 3018 3482 obtestor,

628 3507 830 3582 λέγω,
896 3509 939 3568 i.
992 3528 1045 3570 e.
1108 3504 1379 3582 κελεύω,
1443 3511 1516 3569 ut
1580 3507 1746 3569 mihi
1791 3508 1860 3568 in
1905 3511 2233 3590 posterum
2277 3511 2471 3572 testes
2519 3507 2739 3572 adsitis
2789 3529 3020 3572 eorum

629 3631 789 3695 quae
853 3610 986 3673 dixi
1048 3633 1153 3674 me
1216 3632 1342 3674 non
1402 3614 1527 3674 nisi
1574 3610 1894 3695 Apollinis
1942 3611 2251 3676 ma‘ndatu
2297 3619 2361 3678 et
2409 3635 2665 3678 summo
2711 3616 2850 3678 iure
2899 3640 3022 3691 μη-

628 3714 935 3793 τροκτόνον
1004 3716 1221 3782 fuisse.
1292 3715 1346 3777 E
1410 3736 1600 3780 versu
1669 3714 1839 3779 1043
1913 3722 2056 3781 tuto
2125 3717 2427 3803 colligere
2488 3741 2832 3805 possumus
2892 3721 3020 3786 hoc

627 3821 899 3885 verbum
944 3820 1049 3884 vel
1096 3819 1223 3884 tale
1273 3821 1426 3904 quid
1474 3821 1668 3886 fuisse
1715 3824 1881 3885 inter
1927 3843 2000 3886 ea
2047 3843 2206 3906 quae
2252 3828 2514 3907 periere.

719 3924 964 3988 Deletis
1034 3928 1243 4012 igitur
1309 3927 1521 3990 verbis
1593 3929 1895 4002 μενέλεως
1966 3929 2292 4004 ἐπορσύνθη
2365 3930 2571 4009 κακαὶ,
2636 3931 2851 3997 locum
2921 3937 3018 3999 sic

629 4033 983 4094 constituo:
1080 4033 1263 4095 ταῦτ’
1316 4033 1375 4094 ἐν
1425 4031 1617 4111 χρόνῳ
1667 4057 1768 4108 μοι
1819 4034 2068 4102 πάντας
2116 4033 2429 4111 Ἀργείους
2479 4037 2644 4112 λέγω

1082 4136 1537 4215 ξυμμαρτυρεῖν
1584 4139 1664 4208 ὥς
1712 4138 1822 4201 σὺν
1871 4138 2004 4216 δίκῃ
2051 4140 2453 4219 μητροκτόνῳ.

1084 4242 1204 4315 ἐγὼ
1256 4242 1317 4304 δὲ
1366 4241 1597 4319 φεύγω
1640 4240 1826 4314 τῆσδε
1876 4250 1997 4316 γῆς
2047 4243 2372 4323 ἀπόξενος,

1082 4345 1193 4426 ζῶν
1242 4346 1347 4409 καὶ
1397 4347 1689 4419 τεθνηκὼς
1739 4345 1931 4408 τάσδε
1981 4348 2277 4421 κλήδονοις
2325 4352 2538 4416 λιπών.

626 4455 701 4522 In
748 4455 940 4519 tertio
987 4473 1175 4518 versu
1194 4499 1211 4530 ,
1260 4457 1453 4536 prout
1492 4452 1768 4517 traditus
1809 4457 1907 4516 est
1925 4501 1942 4529 ‚
1985 4456 2256 4520 verbum
2295 4456 2558 4522 finitum
2595 4458 3015 4542 desideratur,
