3351 5463
1110 392 1497 448 russanum
1544 393 1933 442 comconuu.
2579 370 2714 440 403

322 556 576 624 fabulae
620 556 892 623 alicuius
940 559 1255 645 satyricae
1273 607 1290 636 ,
1338 559 1443 624 cui
1488 577 1686 643 aeque
1734 562 1962 644 aptum
2007 554 2148 622 est?
2191 554 2284 622 Ut
2325 559 2558 632 eutem¹
2582 553 2713 650 ,lioc

322 665 539 748 potius
587 662 844 728 credam
891 685 997 728 me
1042 669 1309 736 movent
1354 665 1750 750 tragicorum
1793 662 1922 730 loci
1965 665 2034 728 in
2071 663 2302 748 quibus
2339 661 2459 727 hoc
2495 662 2714 746 ipsum

322 771 741 854 participium
788 755 983 844 habet
1024 772 1157 836 iota
1200 770 1409 838 breve.
1458 769 1613 843 Eur,
1662 768 1808 854 Iph.¹
1853 768 1926 834 Τ.
1953 769 2140 834 παίει
2179 767 2392 846 σιδήρῳ
2431 764 2712 844 λαγόνας

323 875 410 945 εἷς
455 875 732 953 πλευράς
778 874 958 946 ἱείς.
1021 874 1161 960 Iph.
1210 876 1289 939 A.
1342 874 1511 941 1101
1563 876 1812 947 πολλὰς
1860 876 2082 940 ἱεῖσα
2128 873 2506 951 μεταβολάς
2553 871 2718 952 δδυρή
2841 947 2860 962 ·

324 980 565 1054 μάτων.
624 978 783 1046 Hec.
849 978 987 1046 338
1045 981 1346 1059 φθογγὰς
1408 981 1664 1058 ἱεῖσα,
1732 982 1820 1057 μὴ
1868 981 2223 1060 στερηθῆναι
2271 979 2432 1056 βίον.
2479 978 2708 1044 Aesch.

316 1083 501 1170 Sept.
550 1083 686 1150 493
736 1087 987 1165 Τυφῶν’
1024 1086 1265 1150 ’ἱέντα
1312 1084 1613 1167 πύρπνοον
1663 1084 1770 1151 διὰ
1816 1086 2044 1164 στόμα.
2709 1101 2716 1110 ’

416 1189 525 1256 Sic
587 1193 796 1278 igitur
855 1195 1069 1256 statuo
1085 1240 1101 1269 ,
1166 1195 1441 1276 comicos
1486 1212 1694 1277 neque
1739 1195 2035 1277 antiquos
2081 1211 2286 1276 neque
2331 1191 2714 1258 recentiores

324 1295 589 1382 (quibus
632 1294 829 1362 Cobet
876 1299 1308 1382 permittebat.
1359 1295 1457 1363 Of.
1505 1296 1822 1364 Meinekii
1867 1298 1946 1362 ad
1991 1299 2066 1362 fir.
2116 1318 2303 1378 anon.
2348 1293 2477 1361 195
2524 1315 2715 1361 anno-

320 1403 516 1480 tatio)
570 1397 857 1467 vocalem
909 1404 1089 1468 verbi
1132 1402 1287 1467 ἱέναι
1328 1407 1440 1467 aut
1478 1405 1984 1489 compositorum
2021 1421 2296 1486 usquam
2333 1403 2711 1489 corripuisse

319 1509 538 1592 itaque
601 1512 771 1572 recte
825 1504 1145 1574 Gobetum
1203 1508 1597 1592 improbasse
1658 1508 1976 1574 Meinekii
2036 1528 2234 1593 quam
2289 1508 2528 1592 recepit
2573 1526 2714 1571 con-

320 1615 637 1700 iecturam
672 1615 741 1678 in
772 1612 1061 1680 Platonis
1100 1612 1475 1701 Symmach.
1519 1614 1595 1680 fr.
1637 1613 1688 1693 I,
1731 1615 1794 1679 4.
1835 1613 2015 1680 Idem
2054 1616 2232 1700 prins
2255 1633 2408 1678 cum·
2427 1611 2710 1697 Bergkio

323 1720 675 1784 coniecerat
746 1719 1016 1784 αὐτοῖσιν
1085 1719 1283 1794 drino-⁸
1355 1720 1443 1792 εἷς
1508 1718 1694 1795 μέσον
1756 1718 2028 1792 άνεστῶς
2046 1765 2064 1796 ,
2128 1718 2297 1804 quod
2358 1720 2415 1784 si
2457 1723 2716 1804 propter

324 1843 654 1888 caesuram
702 1823 1067 1909 displiceat,
1117 1827 1320 1910 possis
1366 1825 1453 1897 εἷς
1501 1823 1691 1901 μέσον
1743 1825 1932 1896 ἑστὼς
1981 1823 2360 1902 ἀναβάλλει.
2411 1821 2718 1890 Ceterum

323 1927 537 1994 multo
581 1927 832 1994 facilius
872 1929 1190 1995 eiusmodi
1225 1930 1557 1996 licentiam
1579 1932 1649 1994 in
1672 1933 2030 2015 anapaestis
2053 1936 2274 2015 poetae
2299 1931 2714 1996 concesserim

324 2054 525 2120 quam
568 2037 636 2099 in
682 2037 966 2103 senariis.

414 2223 777 2304 MENANDRI
820 2239 896 2304 fr.
948 2236 1115 2305 570:

335 2333 341 2338 ⁸
648 2329 803 2408 ’κᾶν
851 2342 1093 2426 σφόδρα
1142 2350 1363 2424 σαφῶς
1412 2345 1574 2427 εἰδῇς
1620 2370 1717 2424 τι,
1766 2347 1869 2412 τὸν
1915 2344 2267 2427 κρύπτοντα
2312 2370 2384 2409 σε
2454 2380 2464 2437 3
2531 2402 2536 2406 .

687 2448 987 2525 μηδέποτ’
1037 2450 1332 2532 ἐλέγξῃς·
1386 2450 1671 2516 δύσκολον
1720 2453 1971 2530 πραγμ’
2017 2451 2148 2515 ἐστὶ
2197 2475 2324 2530 γαρ

685 2577 729 2618 α
775 2553 1096 2620 λανθάνειν
1143 2577 1239 2626 τις
1282 2553 1687 2632 βούλεται
1737 2557 1962 2621 ταῦτ’
2012 2554 2254 2620 ειδέναι.

413 2623 649 2723 Poetae
696 2679 877 2724 mens
925 2657 1157 2728 clarius
1204 2664 1569 2747 appareret,
1618 2663 1674 2725 si
1722 2681 1817 2727 vs.
1868 2659 2004 2726 3tio
2053 2657 2369 2747 scriptum
2415 2619 2612 2727 esset:

686 2760 1095 2830 αλανθάνειν
1142 2754 1240 2836 τις
1289 2765 1614 2843 βούλετ’
1665 2763 1918 2831 αλλον
1969 2764 2210 2833 ειδέναι.

318 2870 421 2935 Ita
468 2874 670 2949 certe,
720 2872 776 2935 si
821 2892 946 2935 non
994 2871 1430 2949 scribendum,
1480 2844 2032 2957 interpretandum
2079 2877 2196 2937 est.
2263 2908 2276 2916 ·

414 3084 723 3153 Eiusdem
768 3087 844 3151 fr.
897 3081 1063 3153 68¹7:

685 3192 931 3270 γυναικὶ
983 3191 1034 3256 δ’
1083 3186 1251 3263 ὅστις
1299 3188 1464 3273 ὅρκον
1510 3193 1743 3271 ὀμνύων
1791 3195 1936 3273 ἀνὴρ

685 3296 872 3373 μηδὲν
922 3305 1087 3362 ποιεῖ
1125 3297 1373 3377 δίκαιον,
1421 3295 1657 3371 οὗτος
1707 3298 2082 3385 εὐσεβής.

319 3394 509 3467 Kock
553 3404 804 3487 reponit
849 3404 956 3467 οὐκ
1003 3401 1131 3467 ἔστ’
1182 3403 1445 3483 εὐσεβής
1465 3452 1483 3483 ,
1532 3404 1641 3469 sed
1681 3404 1947 3469 eandem
1992 3404 2420 3471 nanciscimur
2463 3408 2708 3469 senten-

320 3510 518 3584 tiam,
570 3527 837 3592 eamque
883 3511 1091 3573 acrius
1138 3530 1499 3594 expressam
1518 3558 1534 3587 ,
1583 3512 1639 3574 si
1686 3507 1865 3574 nulla
1911 3513 2163 3574 mutata
2206 3508 2426 3573 littera
2443 3554 2461 3587 ,
2509 3528 2546 3573 a
2581 3506 2705 3573 fine

319 3614 624 3699 ponimus
669 3614 933 3699 signum
976 3614 1432 3699 interrogandi.

413 3828 724 3894 Eiusdem
769 3829 846 3895 fr.
901 3828 1067 3901 ¹734:
1364 3912 1372 3921 η

689 3926 733 3999 ἃ
782 3934 907 4014 γὰρ
955 3936 1091 4031 ρξεθ
1142 3933 1371 4015 ἡμέραν
1418 3959 1514 4007 τις
1563 3936 1937 4003 ἐσπούδασε·

688 4041 873 4103 ταῦτ’
921 4036 1046 4105 εἶδε
1093 4040 1340 4119 νύκτωρ.

324 4143 767 4229 Respondetur
810 4147 870 4209 ei
915 4148 1028 4229 qui
1072 4166 1307 4211 vanam
1355 4148 1621 4212 somniis
1666 4147 1860 4212 habet
1903 4146 2114 4211 fidem.
2165 4146 2337 4213 Fieri
2380 4153 2589 4233 potest
2635 4153 2711 4214 ut

323 4250 477 4315 haec
546 4251 742 4315 verba
811 4249 969 4314 olim
1038 4249 1201 4315 lecta
1267 4251 1508 4316 fuerint
1567 4255 1636 4315 in
1697 4252 2037 4317 Menandri
2098 4253 2536 4329 Δεισιδαίμονι.
2607 4254 2708 4319 Ad

323 4356 589 4421 eandem
635 4356 921 4421 fabulam
969 4354 1285 4441 pertinere
1332 4360 1548 4441 potuit
1594 4359 1829 4443 fragm.
1879 4360 2107 4423 incerti
2153 4378 2314 4424 com.
2365 4358 2550 4427 350.·
2582 4359 2709 4426 Sed

321 4480 516 4549 quam
561 4464 837 4551 incertae
885 4464 1015 4525 sint
1053 4461 1425 4527 huiusmodi
1472 4466 1874 4529 coniecturae
1923 4466 2168 4551 optime
2213 4466 2386 4531 novi.
