3351 5463
1234 402 1602 450 1001111106.
2526 384 2606 454 71

315 565 588 651 Brieger
632 586 800 631 vsm.
859 564 990 631 326
1038 571 1182 650 post
1227 584 1394 631 vsm.
1433 562 1573 660 0327
1621 567 1840 650 posuit
1878 569 1942 629 et
1982 564 2241 630 seclusit
2257 587 2274 644 3
2321 570 2574 653 „inepte
2594 618 2610 647 ‚

236 673 476 756 inquit,
543 673 860 735 universis
922 672 1110 737 rebus
1170 672 1598 737 crescentibus
1660 693 1808 736 cum
1856 670 2283 736 decrescentes
2330 694 2430 738 res
2478 677 2615 738 uni-

237 797 450 840 versae
513 781 932 860 opponantur,
995 779 1189 841 unius
1251 780 1345 842 rei
1392 777 1813 842 decrescentis
1861 780 2107 841 mentio
2156 777 2611 864 adiungatur''.

239 881 372 946 Non
421 884 748 946 assentior.

315 987 622 1050 Primum
685 1007 914 1051 moneo
977 1008 1334 1052 sermonem
1396 1010 1523 1053 non
1586 1008 1723 1053 esse
1772 987 1849 1052 de
1893 990 2209 1053 universis
2254 989 2445 1053 rebus
2492 1011 2615 1053 cre-

242 1094 554 1158 scentibus
600 1098 712 1157 aut
757 1092 1293 1171 decrescentibus,
1347 1094 1457 1159 sed
1507 1093 1583 1158 de
1630 1096 1713 1157 iis
1760 1115 1921 1177 quae
1969 1099 2248 1159 aetate
2296 1100 2615 1181 augentur

241 1203 340 1262 aut
406 1199 903 1263 deminuuntur:
969 1201 1013 1262 d
1025 1199 1050 1260 i
1067 1222 1141 1262 ec
1199 1207 1534 1284 naturaque
1590 1199 1835 1276 tribuit,
1888 1223 1926 1260 a
1942 1221 2024 1262 ev
2041 1222 2071 1262 o
2118 1199 2414 1284 macieque
2457 1222 2616 1263 eene-

241 1311 417 1369 mut.
491 1304 568 1368 In
637 1305 1068 1390 superioribus
1131 1305 1376 1371 scilicet
1441 1306 1777 1369 Lucretius
1841 1305 2007 1390 (111111
2068 1305 2143 1369 de
2204 1307 2392 1369 rebus
2454 1326 2614 1390 quae

242 1417 392 1472 tactu
435 1413 842 1486 minuuntur,
892 1410 1268 1476 deteruntur
1284 1432 1301 1489 3
1366 1412 1602 1497 quibus
1664 1431 1832 1475 nunc
1892 1409 2191 1495 adiungit
2252 1431 2351 1475 res
2370 1458 2386 1487 ,
2453 1431 2614 1495 quae

241 1517 483 1599 proprio
530 1536 718 1580 sensu
765 1522 1054 1580 crescunt
1099 1523 1164 1580 et
1211 1523 1546 1581 senescunt
1565 1564 1581 1593 ‚
1630 1515 1857 1580 herbas
1906 1521 1971 1580 et
2018 1514 2340 1579 animalia.

315 1620 410 1685 De
457 1623 636 1686 vocis
683 1641 846 1704 quae
885 1626 982 1685 est
1021 1643 1222 1684 vescas
1264 1624 1514 1707 origine
1555 1625 1745 1705 putes
1785 1621 1955 1704 quod
1996 1620 2189 1697 velis,
2233 1621 2352 1684 hoc
2394 1623 2616 1706 neg-ari

239 1729 337 1789 vix
406 1732 649 1811 potest,
715 1724 1007 1792 Gellium
1073 1725 1272 1805 (XVI,
1341 1725 1400 1790 5.
1433 1726 1500 1806 6)
1570 1729 1741 1789 recte
1806 1727 2162 1809 scripsisse:
2234 1725 2613 1801 „Lucretius

245 1831 580 1908 „vescum”
631 1831 833 1896 salem
878 1831 1034 1896 dicit
1079 1853 1158 1896 ex
1196 1831 1420 1895 edendi
1457 1830 1877 1895 intentione”.
1928 1828 2105 1893 Idem
2144 1829 2613 1916 Philargyrius,

242 1936 504 2023 Vergilii
550 1942 1036 2014 commentator,
1086 1935 1166 2001 ad
1215 1933 1452 2023 Georg.
1495 1935 1607 1998 IH.
1658 1931 1824 1998 1¹75:
1877 1933 2253 2010 „Lucretius
2293 1940 2462 1998 certe
2500 1956 2614 2020 pro

243 2042 404 2107 edaci
463 2041 744 2127 posuit'’.
811 2041 1050 2121 Quodsi
1109 2047 1432 2127 praeterea
1480 2039 1830 2105 attenderis
1875 2039 2146 2102 verbum
2178 2061 2400 2120 peresa
2416 2087 2433 2117 ‚
2481 2043 2614 2105 iam

243 2149 473 2232 patebit
534 2149 694 2212 hanc
746 2150 885 2213 vim
933 2167 1133 2232 aquae
1180 2149 1460 2212 marinae
1505 2149 1574 2210 in
1620 2166 1773 2210 saxa
1819 2149 2077 2230 propter
2122 2143 2614 2210 similitudinem

245 2253 544 2336 quandam
601 2273 638 2316 a
683 2253 982 2318 Lucretio
1028 2255 1449 2338 compositam
1495 2273 1629 2316 esse
1678 2271 1829 2315 cum
1876 2251 1958 2314 iis
2003 2251 2253 2315 viribus
2270 2298 2286 2327 ‚
2339 2271 2502 2334 quae
2547 2254 2614 2316 in

245 2358 614 2422 animalibus
677 2363 741 2422 et
783 2358 995 2424 herbis
1042 2359 1468 2422 crescentibus
1515 2363 1581 2422 et
1628 2355 2099 2422 senescentibus
2146 2360 2385 2442 agunt,
2437 2377 2617 2442 quas-

247 2485 358 2546 que
401 2463 717 2527 chemicas
762 2483 875 2528 nos
913 2462 1231 2548 appellare
1269 2462 1579 2540 solemus;
1622 2460 1772 2526 illae
1810 2480 1961 2525 vero
1980 2508 1996 2537 ,
2040 2459 2116 2525 de
2154 2462 2385 2545 quibus
2424 2481 2615 2545 supra

244 2590 327 2634 vs.
375 2567 501 2633 305
543 2589 712 2654 seqq.
779 2589 986 2633 sermo
1049 2574 1183 2633 erat
1201 2585 1242 2646 ,·
1282 2574 1432 2633 611111
1490 2569 1795 2654 physicae
1846 2570 1960 2630 aut
2004 2567 2405 2631 mechanicae
2454 2586 2615 2651 quae

245 2673 545 2750 dicuntur,
571 2704 578 2710 ·
608 2676 795 2741 vires.
866 2674 1285 2741 Lucretiusne
1347 2675 1614 2739 fortasse
1675 2675 1745 2737 in
1806 2677 2021 2737 mente
2082 2670 2310 2736 habuit
2356 2692 2611 2750 versus,

247 2801 388 2865 quos
433 2779 805 2847 Welckerus
851 2780 1134 2846 Pacuvio
1174 2780 1509 2865 adscripsit
1526 2827 1543 2858 ,
1581 2800 1619 2843 a
1657 2775 1954 2843 Cicerone
1994 2776 2286 2841 laudatos
2324 2780 2393 2841 in
2432 2776 2612 2863 Disp.

249 2886 418 2953 Tusc.
463 2886 608 2953 libr.
657 2885 754 2951 ΠΙ
787 2888 834 2971 ·§
860 2885 992 2951 26?

1451 2990 1682 3075 corpus
1728 2988 1912 3051 macie
1960 2986 2259 3051 eoetdbuit:

683 3096 976 3161 lacrimae‘
1001 3094 1294 3179 peredere
1335 3096 1531 3160 u‘more
1577 3094 1887 3181 exanguis
1931 3113 2147 3180 genas.

250 3204 515 3271 Concedo
580 3202 1079 3269 similitudinem
1139 3223 1322 3287 posse
1384 3222 1536 3266 casu
1595 3200 1810 3284 aliquo
1858 3198 2162 3283 explicari
2209 3204 2273 3263 et
2320 3199 2481 3263 hanc
2530 3200 2610 3264 ob

249 3330 486 3375 causam
554 3310 818 3376 fortasse
885 3329 1075 3373 nemo
1093 3356 1110 3386 ‚
1181 3307 1352 3392 quod
1421 3309 1618 3370 sciam
1637 3353 1653 3382 ‚
1721 3306 1891 3369 hunc
1951 3302 2167 3369 locum
2230 3303 2452 3368 attulit
2495 3325 2611 3369 nec

248 3419 572 3502 quicquam
621 3415 919 3501 equidem
965 3436 1043 3479 ex
1091 3434 1164 3479 60
1211 3413 1486 3479 derivari
1531 3411 1750 3477 velim.

327 3522 460 3589 Hoc
520 3528 778 3587 tantum
824 3520 1132 3586 contendo
1179 3517 1346 3583 illud
1391 3516 1763 3602 exemplum
1808 3535 2111 3581 saxorum
2155 3515 2401 3579 marina
2449 3534 2612 3598 aqua

249 3648 598 3711 perosorum
658 3625 822 3690 alius
891 3627 1143 3712 generis
1213 3644 1346 3689 esse
1416 3629 1606 3707 atque
1677 3620 1872 3698 illud,
1944 3618 2112 3705 quod
2182 3618 2403 3683 eodem
2472 3618 2611 3684 loco

248 3754 336 3795 vs.
385 3733 508 3797 313
573 3731 850 3817 legitur:
905 3728 1209 3808 „stibicidi
1259 3750 1430 3791 cacus
1475 3726 1742 3809 lapidem
1787 3724 2027 3802 cavat”,
2078 3730 2142 3789 61
2189 3723 2481 3789 0011611110
2531 3725 2610 3789 ab

247 3843 416 3921 poeta
477 3859 625 3903 cum
691 3834 981 3921 exemplo
1045 3836 1124 3899 ab
1188 3831 1575 3899 animalibus
1639 3839 1703 3896 et
1763 3832 1977 3896 herbis
2038 3830 2227 3895 ducto
2290 3851 2424 3894 esse
2471 3851 2611 3895 con-

248 3944 540 4009 iunctum.

333 4045 623 4113 Ceterum
670 4048 941 4112 arbitror
985 4067 1110 4110 non
1159 4066 1292 4111 esse
1339 4043 1928 4129 interpungendum
1973 4063 2121 4106 cum
2168 4040 2573 4106 Lachmanno
2589 4090 2605 4119 ,

250 4152 354 4216 sed
395 4175 534 4219 cum
580 4152 798 4218 Munr.
849 4159 915 4217 et
961 4151 1104 4215 aliis
1151 4153 1277 4228 ita,
1333 4154 1410 4214 ut
1446 4155 1592 4233 post
1630 4149 1898 4214 verbum
1937 4145 2094 4210 tueri
2135 4148 2297 4210 semi
2334 4146 2515 4211 colon
2534 4152 2608 4226 (3)

247 4263 385 4341 post
421 4265 721 4323 senescunt
767 4278 1018 4323 comma
1065 4255 1429 4322 collocetur.
