3351 5463
646 359 776 428 274
1222 351 1233 358 ’
1558 433 1565 442 ,
1588 382 2091 439 ΑΒΙΒΤΟΡΗΔΝΕΒ.

1096 549 1459 627 πάμπολλα
1506 548 1611 614 καὶ
1659 547 1924 630 τάρχαῒ’
1974 540 2017 613 ἃ.
2058 547 2395 614 κατέλιπεν
2444 547 2608 614 τότε.

526 737 543 752 ⁰
642 654 811 719 unde
854 655 1053 720 simul
1098 661 1359 740 apparet
1406 652 1499 720 οἶα
1547 658 1615 720 in
1664 651 1778 719 οἷον
1826 658 2068 720 mutari
2114 676 2241 719 non
2287 676 2486 740 posse.

734 874 840 939 Vs.
893 871 1044 940 729.
1107 876 1259 938 ἀλλ’
1321 873 1397 938 ἴθι
1458 873 1724 953 χαίρων·
1779 876 1956 951 ἡμεῖς
2003 874 2066 938 δὲ
2111 873 2262 948 τέως
2311 874 2462 940 τάδε
2512 876 2598 944 τά
2643 874 2831 948 σκεύη
2884 899 3028 940 πα-

2635 979 3028 1062 ραδόντες

1096 1093 1224 1158 τοῖς
1273 1085 1619 1156 άκολούθοις
1665 1084 1918 1177 δῶμεν
1967 1082 2194 1167 σῴζειν.

645 1189 906 1257 Soloeee
973 1191 1391 1278 Blaydesium
1461 1215 1498 1255 κ
1519 1192 1726 1255 αταθ
1749 1189 1778 1256 b
1798 1215 1924 1256 ντε
1947 1215 1977 1263 ς
2045 1213 2159 1277 pro
2221 1190 2604 1273 παραδόντες
2669 1195 3028 1278 reposuisse

643 1296 799 1364 alibi
846 1299 1123 1376 ostendi,
1172 1303 1529 1364 constanter
1574 1300 1750 1362 enim
1795 1299 2218 1364 Athenienses
2264 1298 2340 1364 de
2388 1319 2573 1364 onere
2621 1299 2792 1384 quod
2842 1299 3031 1383 depo-

644 1405 821 1467 nitur
897 1405 1093 1469 verbo
1158 1404 1368 1469 medio
1440 1403 1919 1482 κατατίθεσθαι,
1999 1409 2065 1470 et
2134 1425 2333 1489 aeque
2403 1410 2766 1470 constanter
2832 1405 3032 1470 verbo

647 1505 917 1585 αἴρεσθαι
981 1508 1055 1572 de
1113 1510 1509 1593 suscipiendo
1572 1530 1758 1578 onere
1819 1527 1968 1574 usos
2031 1531 2198 1587 esse,
2265 1511 2540 1576 verbum
2602 1513 2890 1576 activum
2950 1510 3030 1578 de

647 1612 949 1679 solvenda
1008 1617 1276 1699 pecunia
1338 1636 1465 1679 una
1528 1603 1687 1680 cum*
1757 1637 1820 1680 v.
1873 1615 2317 1692 καταβάλλειν
2373 1615 2764 1682 adhibentes.
2817 1615 3028 1695 Quam

645 1739 784 1782 rem
832 1719 1267 1783 demonstrans
1314 1722 1451 1804 ipse
1497 1720 1640 1785 coll.
1683 1720 1842 1785 Ran.
1889 1720 2017 1786 132
2056 1723 2482 1807 proponebam
2531 1727 2851 1801 φῶμεν,
2898 1724 2943 1784 1.
2971 1742 3030 1786 e.

566 1815 581 1826 ⁰
646 1823 1055 1903 κελεύσωμεν,
1118 1811 1191 1890 eo
1254 1831 1542 1911 tempore
1604 1828 1906 1913 ignorans
1969 1826 2216 1892 dudum
2260 1829 2354 1891 ita
2399 1829 2745 1892 surrexisse
2790 1825 3036 1892 Meine·

643 1930 829 1994 kium
877 1937 941 1995 et
985 1934 1293 2016 recepisse
1337 1935 1407 1997 in
1454 1937 1728 1997 textum.
1793 1933 1934 1997 Hoc
1981 1935 2190 2018 igitur
2235 1932 2512 1998 admisso
2561 1935 2890 2017 sequentia
2938 1934 3032 1997 sic

647 2039 1048 2123 scripserim:

2043 2147 2124 2216 ὥς
2173 2145 2411 2210 εἰώθασι
2459 2143 2756 2221 μάλιστα

1097 2250 1232 2328 περὶ
1279 2250 1378 2314 τά
1429 2249 1674 2323 σκεύη
1724 2257 2008 2315 πλεῖστοι
2055 2249 2329 2315 κλέπται
2378 2249 2716 2330 κυπτάζειν
2765 2248 2870 2313 καὶ
2921 2271 3036 2312 κα-

1037 2337 1045 2342 ·
1602 2347 1607 2351 ’
2763 2362 3032 2420 κοποιεῒν

645 2482 758 2545 pro
806 2462 925 2533 τὰς
972 2464 1238 2540 σκηνάς,
1291 2464 1461 2547 quod
1507 2482 1695 2527 nemo
1741 2461 2091 2547 intellegit.

737 2566 1087 2646 Hamaker,
1160 2571 1273 2654 qui
1346 2572 1480 2634 sine
1543 2589 1732 2634 eausa
1793 2569 2020 2633 idonea
2081 2589 2177 2632 vs.
2239 2564 2368 2633 729
2432 2565 2670 2641 τήνδε
2736 2567 3032 2639 σκευὴν

649 2672 988 2746 ἀποδύντες
1057 2676 1246 2740 scribi
1315 2677 1540 2752 iussit,
1612 2675 1719 2739 hic
1790 2674 2146 2760 corrigebat
2207 2673 2342 2753 περὶ
2405 2673 2514 2748 τὴν
2587 2672 2841 2751 σκευήν,
2921 2671 3034 2737 sed

648 2781 733 2845 τὰ
796 2779 979 2855 σκεύη
1042 2784 1283 2867 optime
1346 2782 1422 2846 de
1482 2782 1932 2846 instrumentis
1996 2786 2109 2845 aut
2169 2780 2250 2845 ad
2295 2778 2752 2845 extrahendam
2795 2779 3033 2843 Pacem

649 2892 761 2950 aut
821 2889 1036 2970 potius
1094 2887 1173 2950 ad
1217 2907 1405 2971 agros
1452 2886 1750 2951 colendos
1798 2886 1906 2967 (cf.
1957 2884 2106 2949 552.
2141 2883 2338 2965 1318)
2385 2884 2689 2949 adhibitis
2734 2882 3032 2967 intellegi

649 2997 935 3077 possunt.

741 3194 847 3259 Vs.
896 3192 1049 3260 733.
1097 3193 1166 3271 ἣν
1213 3192 1442 3273 ἔχομεν
1489 3152 1615 3260 ὁδον
1661 3193 1863 3269 λόγων
1907 3190 2195 3271 εἴπωμεν,
2247 3189 2361 3256 ὅσα
2413 3217 2496 3257 τε
2545 3196 2727 3263 νοῦς
2777 3188 2935 3271 ἔχει.

651 3298 914 3366 Correxi
975 3302 1295 3385 quondam
1360 3305 1561 3371 νοῦν,
1626 3298 1768 3364 coll.
1816 3299 1973 3363 Rau.
2025 3298 2175 3362 696.
2241 3297 2418 3363 Idem
2467 3302 2690 3382 postea
2737 3296 2903 3362 vidit
2951 3294 3028 3361 Ο.

646 3406 1008 3485 Schneider,
1058 3411 1382 3493 praeterea
1426 3424 1782 3490 proponens
1829 3429 1873 3481 y
1895 3429 1924 3468 ε
1971 3425 2086 3489 pro
2133 3427 2171 3467 τ
2191 3429 2240 3468 ε.

738 3623 845 3691 Vs.
899 3622 1049 3691 769.
1100 3628 1230 3696 πῶς
1272 3623 1404 3703 γάρ
1453 3644 1548 3694 τις
1596 3622 1720 3703 ἐρεῖ
1762 3627 2034 3694 νικῶντος
2086 3621 2234 3697 ἐμοῦ

1103 3730 1256 3795 κάπὶ
1302 3728 1575 3810 τραπέζῃ
1624 3732 1740 3793 κάν
1786 3726 2182 3805 ξυμποσίοις·

1104 3836 1297 3915 ,,φέρε
1344 3836 1426 3914 τῷ
1474 3836 1819 3914 φαλακρῷ,
1862 3833 1961 3903 δὸς
2009 3834 2091 3911 τῷ
2142 3833 2450 3911 φαλακρῷ

1103 3947 1219 4006 τῶν
1268 3940 1648 4018 τρωγαλίων,
1699 3938 1801 4001 καὶ
1851 3938 2162 4017 μάφαίρει

1104 4044 1706 4126 γενναιοτάτου
1752 4050 1868 4108 τῶν
1915 4050 2177 4115 ποιητῶν

1106 4152 1384 4228 ἀνδρὸς
1438 4150 1507 4215 τὸ
1555 4152 1840 4227 μέτωπον
1891 4146 2209 4229 ἔχοντος.”

650 4261 776 4326 Pro
822 4258 1030 4339 ἀνδρὸς
1078 4258 1451 4323 scholiastae
1496 4255 1839 4322 lectionem
1887 4255 2194 4332 λαμπρὸν,
2243 4252 2387 4318 coll.
2436 4252 2552 4336 Eq.
2605 4250 2774 4345 550&
2805 4251 3040 4317 substi-

650 4372 913 4433 tuerunt
958 4364 1257 4440 Dindorf,
1306 4363 1604 4427 Meineke
1624 4411 1639 4439 ,
1691 4362 1820 4426 alii.
1879 4361 2002 4427 Sed
2050 4363 2294 4445 optime
2339 4362 2469 4424 iam
2517 4358 2771 4425 Holden
2817 4358 3039 4423 docuit

652 4476 757 4540 τὸν
802 4473 1125 4554 φαλακρὸν
1174 4472 1277 4535 hic
1322 4490 1449 4534 non
1491 4472 1710 4553 ipsum
1755 4468 2251 4552 Aristophanem
2299 4486 2471 4543 esse,
2521 4464 2632 4531 sed
2678 4462 3038 4549 quemlibet
