3351 5463
1186 405 1680 462 Ams'rormnns.
2487 389 2620 460 209

259 573 383 640 viro
428 573 505 638 de
550 571 811 640 Graecis
856 574 1094 642 litteris
1141 579 1385 662 optime
1430 579 1661 643 merito
1682 625 1699 655 ,
1747 577 2172 643 nitidissimae
2217 599 2367 642 suae
2409 577 2626 643 editio—

258 682 342 743 nis
386 679 790 745 Scholiorum
836 682 1473 767 Aristophanicorum
1492 731 1508 759 ,
1558 704 1721 768 quae
1767 688 1988 749 extant
2024 687 2092 747 in
2134 685 2343 749 codice
2383 683 2628 749 Raven-

257 791 422 863 nate,
509 787 637 851 duo
706 789 915 872 prima
983 787 1317 854 volumina
1376 788 1700 860 (Londinii
1757 810 1857 875 ap.
1924 788 2331 866 Macmillan,
2401 787 2624 869 1896).

258 888 593 976 Occupavit
650 894 707 956 is
771 892 1105 958 emendare
1166 894 1243 958 ad
1305 914 1399 959 vs.
1453 893 1584 957 130
1634 893 1912 971 ἕκλέψας
1934 942 1951 971 ,
2003 893 2212 958 deleto
2258 896 2497 975 (nescio
2544 914 2625 958 an

256 1001 487 1079 praeter
531 998 1000 1078 necessitatem)
1048 998 1153 1062 καὶ
1204 1004 1350 1083 post
1394 998 1724 1076 κανθάρου,
1775 998 1855 1064 ad
1904 1020 1999 1065 vs.
2047 996 2172 1064 171
2225 1000 2627 1077 &upon-peomn-

258 1101 441 1178 τέρων,
511 1101 591 1166 ad
646 1124 740 1168 vs.
790 1102 943 1182 219,
972 1102 1059 1167 48
1107 1106 1355 1184 πρῶτον,
1405 1104 1486 1169 ad
1535 1103 1666 1169 698
1714 1107 1884 1181 μετὰ
1934 1109 2142 1168 ταῦτα
2191 1102 2272 1184 ιζ’
2320 1102 2462 1182 ἕης
2516 1104 2627 1169 sed

258 1206 326 1270 ad
378 1227 471 1272 vs.
528 1206 657 1273 609
720 1211 1005 1293 reposuit
1067 1207 1325 1283 ἓπλεξεν
1385 1209 1713 1287 αἰτίαν,
1779 1210 1860 1275 ad
1909 1206 2040 1276 ’710
2105 1209 2237 1274 ἐπεὶ
2290 1206 2388 1274 οὖν
2435 1209 2624 1274 ἐδόκει

263 1315 337 1389 (ἦ
398 1315 655 1393 Ὀπώρα
720 1314 875 1388 καὶ)
940 1315 1146 1394 ὀπώρα
1208 1310 1363 1378 εἶναι
1430 1338 1534 1378 xm
1602 1317 1696 1397 [ἢ]
1745 1315 1962 1393 πόρνη,
2011 1315 2094 1379 ad
2137 1312 2269 1379 986
2319 1314 2407 1391 μη
2456 1315 2625 1380 κατὰ

257 1416 541 1482 ταύτὸν
606 1420 759 1496 aevi„
824 1421 1072 1485 variam
1134 1419 1475 1485 lectionem
1519 1421 1750 1486 ταύτὸν
1797 1442 1911 1506 pro
1958 1420 2186 1485 τούτων
2234 1419 2393 1504 olim
2433 1423 2508 1484 in
2554 1441 2626 1485 eo

256 1543 431 1588 versu
477 1526 767 1590 extitisse
814 1526 1183 1590 arbitratus.
1250 1525 1347 1590 Ad
1392 1547 1486 1592 vs.
1537 1525 1668 1590 459
1719 1527 2023 1591 edebatur
2061 1525 2130 1606 (1.
2167 1524 2280 1607 45)
2333 1533 2625 1602 μιμεῖται

257 1627 307 1692 δὲ
353 1629 490 1702 τοὺς
539 1629 929 1711 βαρβαριστΐ
971 1629 1375 1716 {stancona-aq,
1416 1633 1526 1697 sed
1564 1632 1988 1710 Rutherford,
2032 1633 2144 1717 qui
2182 1634 2250 1696 in
2291 1632 2425 1696 cod.
2463 1631 2630 1717 legit

158 1741 167 1750 ‘
257 1731 464 1814 βαρβα
492 1783 825 1802 ........
851 1736 950 1815 τὶ,
1001 1737 1203 1802 edidit
1248 1738 1607 1818 βαρβάρους
1658 1744 1706 1815 <
2082 1739 2188 1820 >ri
2239 1735 2624 1812 ἐξέλκοντας.

255 1838 556 1924 Equidem
603 1844 888 1928 cogitavi
936 1843 1011 1908 de
1058 1843 1452 1928 reponendo:
1502 1852 1794 1920 μιμεῖται
1843 1842 1906 1909 δὲ
1954 1844 2098 1914 τοὺς
2146 1843 2626 1948 μοιρμάρους

256 1949 646 2030 (λατομιῶν)
709 1943 966 2020 τκνὸ>ς
1035 1948 1417 2026 ἕξέλκοντοις.
1481 1949 1648 2015 Nam
1713 1949 1868 2034 quid
1930 1950 2182 2014 barbari
2242 1950 2346 2014 hic
2393 1950 2629 2016 faciant
2709 2049 2716 2052 -

254 2073 367 2117 non
417 2058 674 2139 exputo.
723 2052 819 2121 of.
871 2053 1083 2120 Schol.
1133 2055 1211 2120 ad
1258 2076 1355 2121 vs.
1405 2054 1559 2120 299.

962 2387 1047 2436 An
1094 2387 1477 2437 moenitum
1523 2389 1616 2435 vn
1664 2371 1748 2436 56
1798 2371 1923 2456 §a

339 2534 720 2624 Syracusani
758 2543 1100 2624 postquam
1141 2539 1409 2606 classem
1448 2540 1943 2622 Atheniensium
1982 2542 2050 2605 in
2089 2545 2280 2625 portu
2309 2543 2624 2620 vicerunt,

259 2662 505 2728 operam
551 2643 863 2709 dederunt
908 2665 986 2708 ne
1033 2645 1249 2710 hostes
1298 2666 1333 2709 e
1380 2645 1677 2709 manibus
1723 2644 1888 2710 elabi
1932 2652 2222 2730 possent3
2271 2649 2403 2710 iam
2453 2649 2627 2712 enim

257 2769 388 2834 spes
457 2755 591 2815 erat
658 2756 827 2816 terra
888 2754 1177 2837 marique
1243 2773 1347 2817 eos
1410 2752 1814 2837 opprimendi
1874 2756 1939 2817 et
1999 2752 2157 2817 bene
2221 2755 2312 2817 sic
2372 2752 2449 2817 de
2495 2757 2630 2817 tota

258 2850 514 2921 Graecia
577 2857 896 2934 merendi;
961 2858 1249 2922 Athenae
1298 2861 1469 2922 enim
1517 2860 1574 2923 si
1622 2857 2110 2936 debellarentur,
2161 2857 2594 2945 Syracusanos
2611 2907 2627 2937 ,
2680 2930 2689 2938 ‚

259 2964 363 3045 qui
419 2968 631 3028 tantae
692 2984 912 3029 rerum
974 2966 1404 3030 conversionis
1452 2969 1739 3031 auctores
1787 2966 2184 3042 extitissent,
2236 2964 2354 3029 ὑπό
2395 2988 2465 3028 τε
2514 2971 2631 3029 τῶν

262 3065 460 3133 ἄλλων
500 3070 816 3148 ἀνθρώπων
860 3071 963 3133 καὶ
1009 3071 1123 3135 ὑπὸ
1163 3078 1278 3134 τῶν
1316 3069 1536 3159 ἔπειτα
1578 3069 1740 3135 πολὺ
1781 3071 2342 3145 θαυμασθήσεσθαι.
2383 3069 2632 3135 Ultima

263 3173 443 3238 verba
489 3176 647 3259 quin
694 3179 990 3260 corrupta
1032 3164 1165 3240 sint
1209 3197 1333 3240 non
1381 3176 1602 3241 dubito
1619 3197 1637 3255 ;
1672 3197 1893 3261 ,neque
1941 3178 2115 3240 enim
2161 3181 2308 3261 apte
2351 3178 2521 3241 inter
2567 3196 2632 3239 se

264 3286 663 3363 opponuntur
719 3281 770 3345 οἱ
835 3279 1015 3346 ἄλλοι
1082 3279 1374 3367 ἄνθρωποι
1436 3288 1501 3346 et
1564 3283 1614 3346 οἱ
1679 3280 1939 3358 ἔπειτα,
1989 3302 2193 3365 neque
2239 3282 2633 3365 posteritatis

261 3391 625 3469 praesertim
708 3387 1025 3452 iudicium
1106 3386 1537 3473 Syracusanos
1616 3409 1786 3452 nunc
1856 3406 2075 3451 curare
2146 3385 2444 3451 credibile
2513 3391 2631 3450 est.

264 3490 503 3559 Vitium
548 3493 669 3559 alit
713 3493 1096 3559 adverbium
1145 3492 1363 3557 ἔπειτα
1385 3540 1403 3571 ,
1450 3493 1622 3579 quod
1668 3495 1906 3558 vitium
1955 3494 2180 3556 statim
2228 3489 2636 3575 deprehendi-

265 3602 363 3662 tur
420 3620 572 3664 cum
632 3604 1006 3684 reputamus
1067 3601 1136 3663 in
1200 3602 1584 3675 enunciatis‚
1649 3599 1763 3662 ubi
1811 3596 1992 3662 ἄλλοι
2043 3620 2110 3661 τε
2163 3598 2271 3661 καί
2319 3601 2384 3661 et
2424 3593 2634 3668 ἄλλως

263 3725 325 3766 τε
373 3706 477 3769 καί
523 3711 589 3770 et
634 3704 876 3769 similia
916 3703 1246 3790 leguntur,
1287 3704 1522 3769 ultima
1559 3705 1756 3769 verba
1797 3708 2011 3768 totum
2051 3703 2349 3767 orationis
2388 3701 2662 3807 pondus*

263 3813 584 3876 sustinere.
652 3810 1091 3890 Quorumnam
1150 3813 1361 3895 igitur
1417 3810 1759 3875 hominum
1804 3807 2027 3873 laudes
2074 3798 2487 3893 potissimum
2536 3828 2638 3892 ap-

261 3919 619 3999 petiverunt
687 3913 1113 4003 Syracusani?
1181 3915 1325 3982 Non
1396 3919 1619 4002 opinor
1692 3936 1984 3980 serorum
2054 3921 2364 3998 nepotum
2433 3934 2636 3997 neque

266 4025 553 4107 gentium
610 4022 807 4108 longo
854 4028 1174 4088 terrarum
1220 4021 1563 4089 intervallo
1610 4042 1647 4085 a
1694 4042 1760 4086 se
1807 4021 2208 4097 dissitarum;
2262 4019 2370 4083 sed
2415 4019 2638 4082 Siculo-

248 4134 386 4191 ’rum
445 4132 689 4194 animos
752 4131 806 4192 si
852 4133 1110 4213 possent
1156 4128 1573 4193 admiratione
1620 4126 1960 4212 percellere
1978 4174 1995 4203 ‚
2043 4124 2112 4189 id
2160 4125 2424 4190 demum
2466 4129 2638 4209 opta-

267 4238 403 4299 tum
462 4234 807 4312 accideret,
872 4236 963 4299 sic
1026 4236 1199 4299 enim
1262 4234 1341 4298 ad
1405 4239 1613 4299 totam
1670 4232 1953 4297 insulam
2015 4231 2136 4296 sibi
2200 4230 2636 4296 subiciendam

262 4345 542 4423 paratam
607 4341 914 4406 haberent
984 4342 1179 4406 viam.
1254 4338 1519 4426 Corrige
1587 4340 1798 4425 igitur
1859 4338 1974 4401 ὑπὸ
2040 4344 2156 4402 τῶν
2226 4337 2312 4399 ἐκ
2336 4343 2409 4399 εἴ
2475 4335 2634 4399 πολὺ

265 4445 815 4523 θαυμασθῆσεσθαι.
2249 4441 2307 4507 J.
2357 4460 2419 4507 v.
2468 4441 2541 4505 L.

2284 4610 2344 4657 14
