3351 5463
664 387 793 454 148
1651 404 2044 453 Ausonum.

660 580 757 637 est
776 621 791 650 ,
856 575 910 636 si
976 570 1092 636 tali
1150 570 1343 636 modo
1390 567 1605 636 locum
1653 569 1969 654 explicare
2016 569 2179 636 velis
2199 619 2215 648 ,
2263 574 2810 657 vituperationem
2855 573 3048 635 nimis

658 681 888 743 mitem
934 697 1102 755 esse,
1150 698 1382 762 parum
1432 698 1581 741 cum
1621 679 2095 761 exasperatione
2138 677 2314 742 chori
2352 683 2830 763 congruentem.
2878 677 3048 742 Bene

658 785 777 849 hac
822 785 898 849 de
944 805 1013 848 re
1058 784 1415 868 disputavit
1458 782 1641 847 Keck
1660 831 1675 859 ,
1728 785 1911 847 cuius
1957 782 2352 860 emendatio,
2404 804 2564 869 quae
2613 804 2859 850 novum
2907 804 3045 849 ver-

658 911 805 954 sum
850 890 1061 966 addit,
1110 896 1327 976 tamen
1373 890 1640 953 minime
1688 887 1915 973 placet.

746 996 1150 1082 Quamquam
1195 993 1537 1061 Blomfield
1586 995 1778 1059 verba
1827 996 1885 1057 ἐν
1935 1002 2208 1059 κακοῖσιν
2251 1000 2491 1074 tuetur,
2539 995 2751 1061 allatis
2797 996 3049 1061 duobus

657 1124 690 1167 e
738 1102 933 1187 Soph.
982 1104 1173 1167 Aiace
1217 1101 1407 1166 locis:
2483 1093 2488 1097 ’

769 1232 831 1276 v.
886 1209 1062 1275 1118
1108 1211 1227 1274 οὐδ’
1276 1204 1357 1273 αὖ
1405 1208 1695 1282 τοιαύτην
1747 1214 2045 1284 γλῶσσαν
2093 1208 2154 1271 ἐν
2204 1217 2415 1280 κακοῖς
2467 1215 2669 1289 Φιλῶ,

658 1321 722 1381 et
768 1338 830 1383 v.
886 1316 1057 1382 1151
1110 1312 1171 1385 ὃς
1221 1324 1281 1380 ἐν
1334 1325 1543 1386 κακοῖς
1594 1312 1803 1393 ὕβριζε
1853 1322 2009 1379 τοῖσι
2061 1321 2176 1379 τῶν
2226 1315 2463 1394 πέλας,

656 1444 1057 1507 nequaquam
1103 1421 1288 1486 credo
1332 1442 1407 1486 ea
1453 1424 1575 1485 rite
1622 1420 1875 1485 defendi
1923 1440 2129 1505 posse.

746 1528 1097 1612 Aegisthus
1139 1527 1456 1614 gloriatus
1502 1534 1600 1591 est
1647 1522 1724 1591 de
1762 1525 1981 1603 caede,
2023 1529 2207 1591 cuius
2251 1531 2577 1595 auctorem
2617 1549 2682 1592 se
2721 1529 3046 1613 professus

656 1639 785 1711 est;
848 1635 967 1698 hoc
1028 1636 1089 1697 ei
1150 1636 1381 1698 acriter
1444 1652 1480 1696 a
1541 1633 1730 1697 choro
1792 1632 2305 1717 exprobrandum
2366 1639 2482 1697 est.
2547 1631 2788 1700 Censeo
2838 1637 3048 1721 igitur

655 1738 1002 1826 legendum
1052 1758 1222 1805 esse:
2795 1730 2806 1737 ”

1113 1844 1375 1922 Αἴγισθ’,
1426 1843 1682 1923 ὑβρίζων
1731 1845 1789 1907 ἐν
1838 1842 2072 1924 φόνοιο-ι
2123 1844 2470 1922 δυσσεβεῖς.

655 1948 777 2016 Oui
846 1954 1089 2037 optime
1150 1952 1481 2034 sequentia
1542 1949 2006 2035 adiunguntur.
2079 1949 2414 2035 Lapidatio
2477 1950 2779 2037 legitima
2841 1973 3045 2037 poena

654 2062 788 2121 erat
856 2066 963 2130 τῆς
1032 2058 1422 2132 δυσσεβείας.
1499 2092 1583 2103 -
1657 2053 1873 2133 Quum
1939 2054 2203 2135 ὑβρίζειν
2263 2056 2370 2123 vel
2433 2062 2636 2132 γελᾶν
2705 2058 2763 2121 ἐν
2829 2068 3041 2129 κακοῖς

653 2164 905 2246 saepius
968 2184 1005 2227 a
1065 2165 1271 2247 poetis
1335 2161 1583 2226 dictum
1644 2163 1760 2238 sit,
1811 2183 1864 2225 e.
1913 2183 1979 2247 g.
2029 2162 2257 2227 Aesch.
2309 2160 2590 2248 Choeph.
2641 2162 2797 2242 222,
2847 2163 3040 2250 Soph.

652 2271 755 2332 Ai.
810 2268 1005 2345 1151,
1054 2268 1208 2333 Eur.
1256 2268 1358 2333 El.
1412 2266 1517 2344 68,
1565 2266 1867 2333 librarius
1915 2268 2222 2333 facillime
2269 2289 2383 2353 pro
2429 2271 2666 2348 Φόνοισι
2713 2269 3044 2356 negligen-

652 2376 745 2437 tia
791 2374 1063 2440 scribere
1110 2376 1323 2459 potuit
1370 2380 1631 2438 κακοῖσι.

743 2578 975 2663 Agam.
1033 2574 1227 2641 1654.
2568 2650 2578 2659 ,

922 2682 1264 2761 μηδαμῶς,
1314 2678 1355 2747 ὦ
1406 2682 1673 2760 <Dim-057³
1729 2680 1972 2762 ἀνδρῶν,
2023 2678 2197 2746 ἄλλα
2247 2681 2563 2762 δράσωμεν
2611 2682 2815 2762 κακοὶ,

922 2791 1099 2854 οὶλλοὶ
1149 2789 1251 2851 καὶ
1302 2787 1442 2851 τάδ’
1488 2788 1804 2865 ἐξαμῆσαι
1854 2788 2064 2851 πολλὰ
2117 2786 2402 2861 δύστηνον
2451 2787 2628 2869 θέρος.

923 2903 1196 2969 πημονῆς
1246 2892 1296 2958 δ’
1344 2891 1487 2963 ἅλις
1534 2895 1603 2970 y'
1656 2891 1925 2972 ὑπάρχει
1977 2893 2106 2957 κτὲ.

649 3002 725 3066 In
787 2999 1061 3066 secundo
1123 3020 1316 3065 versu
1336 3047 1352 3076 ,
1417 2999 1530 3063 ubi
1592 3001 1951 3064 rectissime
2013 2998 2249 3063 Schiitz
2297 2999 2456 3078 θέρος
2505 3002 2794 3064 restituit
2842 3022 2956 3086 pro
3009 3002 3037 3065 δ

649 3107 822 3186 ἔρως,
890 3106 1149 3171 offendit
1211 3103 1405 3169 ἄλλα.
1472 3104 1641 3169 Bene
1704 3107 1757 3168 si
1821 3105 1976 3189 quid
2025 3105 2245 3182 video,
2295 3104 2478 3171 Keck
2525 3108 2780 3191 scripsit
2827 3107 2996 3170 αὑτοὶ
3019 3155 3035 3184 ,

649 3213 816 3299 quod
861 3225 1078 3278 tamen
1124 3234 1247 3276 non
1295 3211 1548 3276 sufficit.
1598 3209 1833 3274 Malim
1880 3212 2048 3276 αὐτοὶ
2097 3212 2224 3291 γὰρ
2273 3211 2414 3275 ταδ’
2467 3207 2779 3288 ἐξαμῆσαι
2823 3214 3036 3276 πολλοὶ

648 3320 935 3392 δύστηνον
1002 3320 1181 3396 θέρος.
1248 3316 1507 3394 Cetera,
1575 3319 1631 3380 si
1694 3318 1849 3402 quid
1908 3318 2130 3395 videO,
2189 3338 2340 3383 sana
2384 3324 2569 3395 sunt,
2620 3338 2824 3402 neque
2871 3319 3035 3394 facio

646 3447 797 3489 cum
859 3424 1137 3506 KeckiO,
1203 3426 1315 3508 qui
1378 3424 1589 3486 πολλοὶ
1650 3425 1722 3486 in
1769 3426 2200 3509 suspicionem
2249 3423 2466 3488 trahit.
2522 3420 3038 3508 Clytaemnestra

594 3595 603 3601 .
646 3534 890 3618 cogitat
957 3530 1033 3594 de
1101 3529 1329 3594 multis
1389 3527 1577 3592 malis
1640 3549 1802 3613 quae
1870 3549 2166 3605 evenere,
2235 3529 2311 3593 de
2371 3527 2598 3593 multis
2644 3528 3034 3594 facinoribus

644 3634 1153 3721 sanguinolentis
1208 3654 1370 3719 quae
1416 3636 1759 3698 commissa
1805 3640 1958 3700 sunt
2002 3640 2068 3698 et
2114 3633 2305 3699 dicit:
2359 3631 2717 3712 „Curemus
2763 3640 2840 3699 ut
2883 3634 3032 3699 finis

644 3744 729 3805 sit
788 3739 1111 3804 malorum
1129 3787 1145 3817 ,
1210 3759 1362 3802 nam
1424 3759 1646 3804 revera
1711 3760 1784 3804 ea
1845 3760 2008 3824 quae
2060 3741 2194 3804 iam
2243 3740 2708 3806 demessuimus
2754 3746 2818 3806 et
2866 3761 3032 3825 quae

642 3845 853 3912 multa
901 3852 1084 3922 sunt,
1134 3846 1575 3909 tristissimam
1621 3866 1900 3912 messem
1946 3843 2412 3910 constituunt.’'

733 4046 1017 4133 Ohoeph.
1073 4048 1106 4111 1
1136 4070 1270 4134 sqq.

912 4157 1104 4232 Ἐρμῆ
1153 4154 1359 4233 χθόνιε
1410 4157 1643 4233 πατρῷ’
1695 4153 2050 4218 ἐποπτεύων
2096 4155 2328 4232 κράτη,
2379 4155 2509 4218 κτέ.

639 4257 762 4336 Qui
827 4263 1099 4325 exstant·
1138 4259 1289 4323 libri
1345 4257 1751 4343 Ohoephoros
1798 4261 2196 4323 continentes
2243 4281 2462 4324 omnes
2509 4283 2543 4324 e
2589 4260 2879 4326 Mediceo
2929 4284 3029 4328 co-

638 4363 775 4428 dice
838 4366 969 4427 iam
1016 4363 1317 4427 mutilato
1365 4363 1690 4428 fluxerunt
1705 4383 1723 4440 3
1772 4365 1842 4424 in
1890 4362 2188 4426 omnibus
2231 4365 2498 4428 initium
2542 4367 2856 4430 omissum
2904 4373 3026 4432 est.

636 4468 1005 4555 Archetypo
1052 4471 1335 4555 inspecto
1384 4469 1686 4555 colligere
1732 4466 1882 4530 licet
1927 4487 2050 4529 non
2099 4467 2378 4552 amplius
2417 4491 2612 4553 quam
2653 4471 3025 4556 quindecim
