3351 5463
688 388 815 468 '116
1528 405 1614 466 'ns
1662 404 1825 467 Loco
1874 406 2221 468 omnnoms.

680 587 916 651 factam
980 605 1117 649 esse
1183 588 1328 669 post
1392 585 1726 648 ineuntem
1794 605 2035 649 annum
2106 584 2191 649 63
2213 633 2230 663 ,
2302 586 2471 671 quod
2541 584 2759 653 Cicero
2829 582 3067 651 diserte

682 691 1023 757 affirmaret
1067 695 1251 756 antea
1295 689 1611 753 eiusmodi
1657 688 1876 776 Iegem
1915 711 2041 754 non
2085 692 2302 756 fuisse.

770 797 993 881 Itaque
1035 795 1309 881 Lange
1358 817 1421 860 v.
1470 794 1546 859 01.
1595 816 1735 858 rem
1780 797 2087 878 repetivit
2133 817 2210 859 ex
2255 795 2394 882 lege
2438 795 2651 862 Tullia
2691 797 2766 862 de
2809 797 3067 861 ambitu

682 922 875 988 quam
936 899 1152 967 Cicero
1214 898 1435 965 consul
1494 920 1748 986 rogasse
1809 900 2119 965 traditur:
2191 900 2333 978 „die
2394 903 2494 965 die
2540 903 2903 981 Bewerbwaq
2949 902 3070 963 Ab·

678 1009 973 1071 wesender
1016 1026 1114 1071 um
1157 1008 1271 1069 dae
1322 1006 1605 1069 Comlat
1650 1006 2020 1069 verbietende
2060 1006 2411 1085 qeaeetzbiche
2465 1008 2868 1086 Beetimmuny
2885 1053 2902 1083 ,
2962 1005 3068 1069 die

678 1114 761 1176 im
819 1113 879 1177 V
870 1114 1112 1199 erlaufe
1168 1134 1281 1175 von
1354 1110 1606 1175 Oioero's
1661 1111 1942 1174 Con-salat
1990 1133 2147 1174 muse
2185 1113 2436 1191 qeqeben
2481 1116 2716 1177 worden
2760 1112 2891 1175 sein
2935 1112 3072 1175 und

677 1220 834 1283 wohl
876 1218 976 1283 ein.
1020 1218 1263 1281 Artikel
1304 1218 1412 1280 der
1467 1216 1585 1279 Lex
1638 1216 1846 1279 fulbia
1892 1218 1965 1279 de
2011 1216 2237 1279 ambitu
2283 1216 2450 1279 war”
2485 1216 2554 1296 ¹).
2605 1218 2681 1282 M.
2699 1239 2734 1283 o
2752 1238 2906 1281 mm
2922 1237 2953 1281 s
2971 1236 3067 1281 en

678 1345 741 1389 v.
768 1322 849 1388 cl.
887 1344 1039 1388 vero
1053 1322 1107 1403 ²)
1161 1322 1238 1386 de
1276 1342 1349 1386 ea
1385 1342 1452 1387 re
1487 1319 1704 1407 legem
1741 1320 1975 1385 factam
2015 1342 2150 1386 esse
2187 1324 2456 1386 coniecit
2493 1324 2658 1387 circa
2696 1343 2935 1386 annum
2975 1320 3064 1385 62

678 1450 734 1494 a.
762 1426 869 1493 O.:
911 1476 946 1506 „
970 1427 1048 1491 W
1039 1428 1187 1490 αἰτίαν
1223 1426 1327 1503 ist,
1367 1427 1672 1491 vielleicht
1713 1434 1832 1490 eret
1869 1450 1965 1490 um
2002 1430 2114 1490 das
2151 1427 2309 1489 Jahr
2342 1425 2494 1503 692,
2540 1430 2656 1492 den
2688 1428 3068 1491 Candidaten

679 1536 1045 1621 aufyeyeben
1087 1534 1324 1596 worden
1370 1533 1469 1596 die
1514 1533 1772 1613 Anzeiqe
1817 1532 1884 1595 in
1926 1533 2151 1597 Person
2188 1556 2262 1596 zu
2301 1532 2607 1597 machen''.
2651 1534 2738 1597 Et
2771 1535 2841 1597 in
2879 1534 3062 1597 adm:

685 1686 719 1717 ,‚
742 1639 925 1703 Wenn
976 1639 1173 1701 Oicero
1218 1637 1302 1700 im
1346 1638 1408 1701 J.
1461 1636 1587 1702 691
1619 1685 1633 1701 .
1663 1684 1678 1701 .
1709 1685 1723 1701 .
1770 1644 1905 1717 ‹3an
1952 1646 2140 1721 (quae
2188 1658 2382 1722 supra
2427 1640 2711 1723 scripsi),
2759 1639 2888 1701 und
2929 1638 3067 1700 hier

681 1744 847 1807 nicht
905 1743 1036 1806 eine
1076 1744 1207 1829 fiir
1251 1766 1365 1805 uno
1410 1743 1577 1805 nicht
1620 1744 1783 1806 mehr
1830 1743 2182 1825 erfindliohe
2239 1743 2608 1805 Cavillation
2657 1743 2911 1823 vorbieyt
2932 1790 2949 1820 ,
2999 1763 3063 1805 80

680 1850 843 1913 kann
903 1850 1014 1912 das
1056 1848 1381 1934 frayliohe
1446 1850 1653 1911 Gesetz
1714 1848 1882 1911 nicht
1942 1870 2048 1911 vor
2111 1847 2242 1913 692
2313 1848 2578 1911 erla-seen
2640 1847 2839 1911 aeid&
2887 1845 3063 1912 Huic

682 1975 974 2019 assensus
1037 1952 1288 2018 Wille
1308 1975 1420 2018 ms
1485 1976 1548 2019 v.
1586 1952 1662 2017 cl.
1696 1950 1780 2031 ³):
1846 1954 2122 2035 „Depuis
2188 1953 2274 2018 62
2337 1961 2521 2016 avant
2564 1954 2627 2017 J.
2662 1955 2747 2031 0.,
2797 1953 2923 2031 ait,
2974 1953 3063 2016 leo

687 2060 1007 2123 oamdidats
1027 2060 1259 2145 forent
1295 2056 1471 2122 mdme
1510 2056 1730 2137 obbiqe's
1768 2060 1842 2121 de
1862 2059 2048 2145 faire
2086 2060 2150 2121 la
2179 2058 2487 2145 professio
2500 2057 3063 2140 personellement’'.

772 2165 895 2229 His
957 2166 1287 2228 sententiis
1346 2183 1702 2249 repugnare
1750 2161 1967 2228 locum
2013 2162 2378 2228 Plutarchi:
2431 2160 2669 2254 ὕπατος
2716 2162 3059 2242 ἀπεδείχθη

682 2270 737 2349 (ὃ
775 2269 1108 2349 .Μῶριος),
1168 2274 1272 2331 τοῦ
1338 2270 1449 2344 μὲν
1506 2267 1686 2344 νόμου
1735 2268 2066 2340 κωλύοντος
2112 2269 2353 2333 ἀπόντα
2406 2269 2507 2332 καὶ
2558 2272 2648 2345 μὴ
2694 2268 3062 2333 διαλιπόντα

681 2374 890 2453 χρόνον
950 2372 1268 2453 ὡρισμένον
1319 2370 1488 2445 αὖθις
1536 2374 1870 2453 αἱρεῖσθαι,
1921 2378 2026 2437 τοῦ
2076 2374 2135 2437 δὲ
2184 2374 2376 2448 δήμου
2426 2374 2565 2444 τοὺς
2613 2372 3062 2450 ἀντιλέγοντας

684 2478 1061 2557 ἐκβαλόντος
1126 2484 1209 2559 (a.
1279 2477 1433 2563 105)
1500 2479 1551 2559 ⁴)
1615 2484 2008 2544 monuerunt
2063 2480 2428 2544 Mommsen
2489 2484 2554 2543 et
2614 2479 2942 2565 Herzog·
2996 2499 3060 2543 v.

681 2583 760 2648 cl.
790 2584 863 2663 ⁵).
932 2583 1299 2648 Mommsen
1358 2584 1529 2648 hunc
1592 2590 1922 2649 auctorem
1985 2587 2167 2648 reicit
2228 2584 2330 2647 his
2389 2584 2601 2649 verbis
2663 2583 2732 2663 (l.
2773 2581 2886 2663 l.):
2957 2604 3062 2660 „ee

678 2690 851 2771 wieyt
895 2691 1155 2771 daqeqen
1201 2690 1367 2753 nicht
1411 2690 1650 2768 schwer,
1701 2692 1842 2753 dass
1891 2689 2183 2752 Plutarch
2210 2738 2223 2754 .
2257 2738 2271 2754 .
2303 2688 2363 2753 .''
2423 2710 2476 2754 e.
2505 2711 2564 2775 q.
2593 2710 2643 2754 s.
2664 2737 2680 2766 ,
2732 2688 2840 2753 sed
2885 2687 3061 2753 idem

680 2795 822 2859 aliis
882 2795 1268 2878 quibusdam
1326 2793 1599 2859 aliorum
1663 2800 1998 2859 auctorum
2057 2794 2214 2858 locis
2261 2793 2473 2859 allatis
2492 2843 2508 2872 ,
2561 2796 2673 2878 qui
2719 2793 3064 2858 ostendunt

677 2901 1119 2963 necessitatem
1167 2920 1292 2983 qua
1337 2899 1657 2963 candidati
1706 2902 1907 2963 coacti
1956 2907 2165 2964 essent
2208 2900 2460 2974 adesse,
2512 2905 2656 2984 post
2701 2919 2756 2962 a.
2809 2897 2895 2962 62
2933 2919 3061 2962 non

678 3005 965 3068 habitam
1035 3025 1167 3069 esse
1231 3024 1344 3088 pro
1406 3025 1473 3068 re
1532 3025 1696 3069 nova
1760 3011 1824 3068 et
1888 3025 2101 3070 recens
2165 3007 2466 3069 instituta
2485 3052 2500 3080 ‚
2565 3007 2658 3068 ita
2704 3002 3058 3068 concludit:

682 3156 718 3186 ‚,
799 3156 813 3173 .
846 3157 859 3172 .
906 3131 969 3171 80
1046 3110 1128 3172 ist
1185 3109 1315 3172 dies
1376 3111 1523 3173 doch
1587 3133 1705 3173 nur
1770 3109 1836 3173 in
1875 3133 2294 3191 yezwunqener
2353 3109 2428 3174 W
2423 3110 2542 3173 eise
2587 3109 2777 3172 damit
2818 3131 2892 3171 zu
2940 3130 3064 3170 ver-

678 3213 915 3294 einiqen
933 3262 951 3292 ,
1006 3216 1147 3277 dass·
1208 3214 1309 3278 die
1372 3215 1828 3295 obliqatorieohe
1875 3215 2231 3283 Profe-:sion
2277 3216 2358 3277 im
2404 3215 2466 3280 J.
2523 3213 2648 3278 691
2700 3215 2849 3277 noch
2894 3213 3062 3276 nicht

678 3320 997 3382 beetanden
1058 3320 1244 3382 haben
1298 3319 1482 3384 δαῖθ’.
1530 3319 1773 3384 Verum
1820 3321 1988 3406 quod
2034 3320 2291 3406 Herzog·
2339 3318 2408 3399 (1.
2450 3319 2521 3402 1.)
2568 3321 2937 3404 proposuit,
2987 3323 3062 3382 ut

677 3422 1120 3487 difficultatem
1190 3423 1501 3489 solveret:
1572 3471 1605 3501 „
1615 3425 1716 3488 die
1782 3425 2230 3505 Schwieriykeit
2293 3425 2456 3487 kann
2511 3425 2767 3504 qehoben
2826 3425 3059 3486 werden

676 3529 865 3590 durch
924 3527 1025 3590 die
1082 3530 1390 3591 Annahme
1449 3531 1590 3592 daeo
1650 3531 1720 3592 in
1776 3532 1900 3593 dem
1957 3532 2162 3594 Geeetz
2207 3532 2310 3594 des
2350 3529 2577 3592 Rullus
2621 3528 3058 3610 Dispensation

676 3633 947 3694 verboten.
1007 3634 1208 3695 warde
1224 3679 1241 3708 ,
1304 3655 1425 3695 was
1467 3633 1740 3719 freilich
1813 3635 2012 3698 Cicero
2076 3635 2547 3714 zweokmdssiyer
2594 3635 2812 3697 andere
2855 3655 3058 3714 amyc-

678 3736 889 3798 dric‘clct
949 3736 1179 3814 hatte&
1242 3736 1308 3800 id
1369 3741 1666 3822 quamvis
1731 3742 1815 3803 sit
1877 3742 2205 3826 ingeniose
2269 3743 2606 3805 inventum
2655 3737 2758 3803 me
2796 3739 3066 3823 quidem.

676 3840 884 3904 iudice
947 3862 1071 3905 non
1119 3841 1368 3907 sufficit.
1434 3840 1807 3909 Ciceronem
1873 3847 2046 3910 enim
2109 3866 2256 3909 cum
2305 3846 2630 3910 adhiberet
2668 3843 3052 3910 vocabulum

679 3966 737 4029 q.
788 3966 841 4010 e.
908 3952 1347 4030 „praesentem
1408 3948 1755 4032 profiteri'',
1818 3971 1943 4014 non
2008 3972 2125 4014 suo
2191 3951 2384 4016 verbo
2443 3949 2767 4015 rettulisse
2817 3956 3056 4014 senten-

745 4180 801 4240 1)
834 4181 993 4244 Lange
1029 4182 1167 4230 Rom.
1204 4181 1305 4230 Alt.
1344 4183 1373 4229 3
1409 4198 1513 4247 pag.
1553 4183 1668 4232 263.

744 4261 798 4326 2)
837 4264 1105 4312 Mommsen
1140 4262 1435 4312 Staats'recht
1472 4265 1498 4312 1
1536 4281 1644 4329 pag.
1685 4263 1797 4314 503.

745 4345 799 4402 3)
835 4344 1053 4392 Willems
1088 4345 1235 4392 Droit
1272 4344 1439 4393 Public
1471 4346 1675 4396 Romaiu
1709 4362 1818 4410 pag.
1853 4347 1952 4394 243
1988 4350 2036 4395 et
2069 4347 2178 4398 adu.
2217 4349 2295 4398 10.

742 4428 793 4488 4)
830 4426 960 4474 Plut.
997 4426 1125 4474 Mar.
1160 4441 1199 4473 c.
1239 4427 1317 4474 12.

746 4510 794 4569 5)
831 4507 1023 4571 Herzog
1056 4506 1223 4555 Gesch.
1260 4507 1360 4555 und
1396 4507 1585 4570 System
1620 4508 1706 4557 der
1720 4509 1879 4557 ‘'Rom.
1917 4511 2356 4574 Staatsverfassung
2395 4513 2416 4560 1
2470 4528 2577 4576 pag.
2617 4511 2713 4562 657
2751 4508 2856 4560 adn.
2901 4512 2941 4562 1.
