3351 5463
678 366 805 436 156
1628 447 1633 450 ,
1669 382 2058 435 111οο111100.

672 555 751 619 (10
813 576 881 619 10
940 554 1296 639 disputavit
1360 552 1431 617 Ο.
1496 551 1740 617 Miiller
1805 555 1873 615 in
1941 552 2214 617 Eumeu.
2289 553 2599 630 editione,
2673 574 2734 638 p.
2805 543 2946 618 106'
2995 559 3061 619 et

677 661 857 740 110.)
919 661 1219 726 Nondum
1265 660 1517 725 Athena
1566 658 1850 723 tribunal
1897 662 2216 736 instituit,
2267 659 2377 723 sed
2424 661 2648 723 statim
2697 662 2838 744 ipsa
2885 681 3058 745 prae-

670 767 832 831 sidio
896 769 1123 843 utitur,
1188 766 1431 841 εἷσοέγει
1497 765 1603 836 τὴν
1654 764 1821 836 δίκην
1869 785 1930 828 v.
1985 762 2136 840 582,
2187 769 2526 849 utramque
2577 771 2828 850 partem
2877 766 3058 829 audit

669 878 733 936 et
796 874 1293 936 controversiam
1364 870 1443 934 ad
1506 870 1699 933 finem
1762 870 2136 953 perductam
2221 891 2359 934 esse
2436 876 2729 948 testatur,
2795 892 2857 935 v.
2927 870 3058 936 5¹75

669 978 744 1045 ὥς
811 974 951 1046 ἅλις
1017 975 1432 1052 λελεγμένων,
1498 961 1603 1039 cui
1666 978 2014 1039 assentitur
2077 973 2526 1060 Coryphaeus:
2595 978 2738 1052 ἡμῖν
2792 978 2900 1050 μὲν
2949 978 3057 1051 ἤδη

668 1086 795 1145 πᾶν
835 1080 1195 1157 τετόξευται
1235 1080 1443 1159 βέλος.
1501 1080 1597 1144 Ad
1644 1080 1801 1144 haec
1849 1085 2261 1165 expectamus
2309 1080 2674 1146 Minervam
2725 1103 3064 1168 responsu-

665 1209 840 1252 ram:
912 1188 1091 1264 „Iam
1152 1208 1317 1252 nune
1374 1186 1657 1252 tribunal
1707 1176 2080 1250 solemniter
2125 1187 2533 1264 instituam”,
2585 1189 2818 1272 quibus
2865 1210 3063 1272 quam

668 1296 997 1379 aptissime
1044 1295 1352 1378 subiungi
1399 1297 1609 1377 potest
1656 1291 1859 1356 illud:
1914 1292 2066 1368 „sed
2113 1292 2492 1358 difficillime
2540 1294 2658 1358 hoc
2705 1294 2878 1358 factu
2924 1296 3061 1358 sine

666 1399 1106 1486 indignatione
1169 1397 1445 1474 vestra’',
1511 1397 1681 1482 quod
1743 1400 2206 1483 interrogative
2271 1399 2461 1475 dicit,
2534 1397 2792 1463 nullum
2841 1405 3061 1463 tamen

668 1517 1047 1589 responsum
1111 1508 1483 1589 exspectans
1502 1524 1518 1580 ;
1571 1504 1761 1567 breve
1811 1506 2120 1587 temporis
2165 1511 2607 1582 momentum,
2659 1526 2785 1589 quo
2833 1504 3065 1589 Apollo

674 1612 897 1675 utitur·
930 1610 1010 1674 ad
1054 1609 1297 1673 iudices
1336 1608 1760 1673 exhortandos
1781 1657 1796 1685 ,
1839 1608 2192 1673 meditatur
2230 1606 2526 1676 Minerva
2545 1658 2562 1687 ‚
2605 1615 2758 1675 tunc
2796 1613 3066 1694 incipit:

678 1714 911 1778 κλύοιτ’
961 1713 1037 1778 ἂν
1086 1714 1192 1789 ἤδη
1244 1714 1485 1791 θεσμὸν,
1538 1715 1822 1782 Ἀττικὸς
1875 1713 2048 1781 λεώς.

762 1820 1150 1885 Persuasum
1209 1823 1416 1907 igitur
1477 1820 1678 1884 habeo
1744 1841 1950 1883 unum
1995 1842 2255 1886 versum
2303 1823 2566 1906 periisse
2609 1822 2678 1885 in
2724 1821 2884 1885 hanc
2931 1822 3065 1885 fere

674 1929 1089 1991 sententiam:
1141 1927 1420 2006 πρότερον
1472 1925 1534 1988 δὲ
1581 1926 1738 1999 θήσω
1787 1928 1972 1989 τῶνδε
2023 1928 2258 2001 τιμίους
2309 1927 2519 1996 δίκας·
2580 1929 2684 1991 0111
2733 1928 3071 2012 subiungi-

672 2038 782 2096 tur
830 2034 894 2097 τί
940 2033 1101 2112 γὰρ;
1154 2031 1296 2112 πρὸς
1350 2031 1513 2107 ὑμῶν
1562 2037 1688 2101 πῶς
1740 2030 1950 2094 ‘reoda’
2002 2028 2298 2111 ἄμομφος
2351 2028 2432 2109 ὦς

764 2139 1182 2223 Nequaquam
1221 2138 1342 2201 hoc
1379 2137 1781 2213 mirandum,
1825 2136 2190 2201 Minervam
2233 2159 2400 2202 nunc
2441 2137 2739 2214 demum,
2778 2136 2895 2202 lite
2925 2140 3066 2201 iam

672 2243 752 2307 ad
816 2243 1008 2307 finem
1072 2242 1411 2327 perducta,
1476 2240 1761 2306 tribunal
1821 2245 2178 2308 instituere.
2253 2244 2789 2328 Areopagitarum
2850 2250 3070 2327 partes

672 2351 1021 2413 necessario
1084 2370 1121 2412 a
1186 2350 1388 2412 mutis
1455 2351 1742 2432 personis
1805 2349 2177 2433 agebantur,
2242 2370 2403 2433 quae
2449 2370 2713 2413 munere
2761 2353 2860 2413 sat
2905 2350 3070 2413 bene
3101 2391 3116 2403 ·

671 2455 1093 2540 fungerentur
1140 2456 1194 2518 si
1230 2457 1517 2539 graviter
1554 2454 1799 2518 calculo
1840 2454 2142 2540 suffragia
2182 2455 2439 2519 ferrent.
2488 2454 2727 2519 Idcirco
2767 2454 3071 2519 Minerva

674 2561 1062 2637 εἰσαγωγεύς
1105 2581 1240 2625 0000
1278 2566 1342 2624 01
1380 2558 1564 2623 litem
1599 2560 1678 2623 ad
1705 2560 1897 2625 finem
1923 2560 2262 2645 perducere
2289 2560 2475 2624 debet
2486 2581 2503 2638 ;
2547 2582 2651 2625 vv.
2681 2558 3068 2637 681—710,

670 2686 1074 2751 nequaquam
1138 2667 1216 2730 ab
1281 2666 1400 2730 hoc
1462 2665 1599 2729 1000
1664 2664 1889 2743 alieni,
1956 2686 2157 2752 neque
2217 2665 2375 2730 alibi
2424 2666 2800 2752 reponendi,
2851 2687 3063 2751 neque

668 2794 783 2857 pro
856 2774 1090 2856 spuriis
1158 2772 1432 2848 habendi
1503 2777 1690 2848 sunt,
1764 2778 1840 2835 ut
1911 2774 2065 2836 viris
2136 2771 2339 2836 doctis
2402 2773 2789 2857 quibusdam
2848 2775 3065 2856 iisque

671 2876 1099 2941 celeberrimis
1158 2876 1421 2962 placuit.
1491 2877 1849 2963 Aeschylus
1899 2877 2119 2962 procul
2168 2879 2360 2942 dubio
2409 2878 2644 2942 melius
2691 2899 2885 2963 quam
2934 2879 3067 2942 edi-

668 2987 837 3047 tores
884 2983 1174 3046 hodierni
1219 2990 1481 3048 noverat
1528 2984 1684 3068 quid
1731 3004 1916 3048 scena
1965 3005 2079 3048 sua
2125 2985 2248 3048 sibi
2294 2984 2664 3069 postularet.

761 3195 1032 3262 Eumen.
1086 3196 1163 3264 71
1180 3182 1467 3266 1—730.

1124 3306 1227 3368 καὶ
1278 3308 1398 3380 μὴν
1444 3306 1707 3382 βαρεῖαν
1757 3302 1884 3368 κτὲ.

537 3481 543 3490 ,
668 3407 845 3476 Dum
908 3407 1150 3496 singuli
1211 3412 1632 3498 Areopagitae
1695 3413 2038 3475 sententias
2087 3411 2301 3475 ferunt
2349 3416 2412 3475 et
2460 3407 2737 3476 calculos
2782 3414 2849 3476 in
2894 3429 3066 3477 urna

668 3518 1027 3604 deponunt,
1094 3515 1508 3604 Coryphaeus
1556 3524 1619 3582 et
1664 3517 1894 3602 Apollo
1945 3516 2356 3581 altercantur.
2407 3517 2619 3582 Lubet
2667 3516 2864 3582 simul
2914 3539 3064 3583 con-

665 3625 857 3687 110010
875 3674 891 3706 ,
940 3622 1226 3709 singulos
1271 3623 1515 3687 iudices
1562 3629 1781 3688 contra
1829 3622 2119 3687 Orestem
2167 3622 2548 3708 suffragium
2597 3624 2759 3689 ferre
2807 3627 3065 3709 quoties

668 3727 1116 3815 Coryphaeus,
1181 3751 1293 3814 pro
1356 3751 1430 3794 eo
1490 3733 1738 3815 quoties
1801 3729 2036 3816 Apollo
2099 3729 2424 3813 loquatur.
2488 3728 3063 3794 Verisimillimum

667 3841 795 3913 est,
882 3842 958 3900 111
1034 3838 1166 3900 iam
1243 3836 1316 3899 O.
1396 3835 1637 3901 Miiller
1717 3837 1986 3912 statuit,
2072 3835 2409 3899 duodecim
2492 3835 2737 3900 iudices
2823 3836 3024 3900 fuisse
3043 3886 3062 3918 ,

613 4003 619 4012 .
664 3925 1142 4008 altercationem
1204 3945 1411 4028 igitur
1472 3964 1506 4006 e
1567 3942 1905 4007 duodecim
1969 3941 2154 4006 dictis
2216 3943 2609 4020 constitisse,
2671 3963 2796 4006 non
2839 3947 3066 4005 tamen

668 4069 741 4112 eo
804 4048 991 4112 modo
1011 4095 1027 4124 ,
1095 4069 1218 4133 quo
1283 4046 1355 4111 O.
1420 4046 1666 4113 Muller
1735 4048 1856 4112 sibi
1919 4047 2123 4112 finxit.
2196 4047 2516 4132 Equidem
2564 4046 2784 4111 nullus
2833 4046 3063 4111 dubito

663 4155 817 4238 quin
888 4154 1013 4218 duo
1085 4154 1254 4218 dicta
1321 4155 1457 4218 sive
1534 4160 1810 4237 quatuor
1880 4175 2102 4218 versus
2165 4154 2548 4231 exciderint,
2622 4158 2700 4217 ut
2758 4156 2926 4217 10010
2985 4154 3066 4215 111

666 4259 940 4336 editione
1002 4281 1119 4324 sua
1179 4281 1236 4324 a.
1308 4259 1478 4324 1861
1544 4262 1799 4324 1110111111
1860 4259 2060 4337 Weil,
2123 4263 2191 4323 in
2257 4261 2534 4325 editione
2597 4280 2652 4323 a.
2710 4257 2882 4323 1884
2938 4258 3064 4322 hac

669 4365 745 4429 de
814 4386 881 4430 10
952 4363 1164 4430 0110110.
1236 4365 1492 4431 Lacuna
1552 4366 1892 4431 statuenda
1955 4372 2051 4430 est
2107 4373 2251 4452 post
2297 4389 2361 4432 v.
2415 4363 2545 4431 718
2598 4362 3062 4442 πρωτοκτόνοισι

668 4481 1081 4554 προστροπαῖς
1144 4469 1406 4547 Ἰξίονος.
1470 4471 1590 4538 Vv.
1637 4475 2042 4557 insequentes
2092 4469 2450 4540 ¹719-—722
2500 4474 2750 4537 traiecti
2795 4474 2946 4535 sunt
2993 4475 3066 4536 et
