3351 5463
674 380 807 446 388
1635 398 2071 449 murmontis,

672 564 1068 648 interpositis
1084 611 1101 640 ,
1149 566 1649 629 commemorata
1696 560 2007 628 fiiissent?
2054 598 2139 611 —
2187 562 2502 629 Similiter
2546 585 2609 648 p.
2660 562 2745 627 55
2762 586 2797 629 e
2836 566 2947 638 την
2991 565 3051 629 δὲ

675 676 910 749 συνεχῆ
956 676 1097 739 ταῖς
1147 670 1385 743 ἡδοναῖς
1430 666 1534 731 κα)
1577 667 1645 732 τὸ
1688 667 1835 746 πρὸς
1872 668 2057 745 χα’ριν
2100 666 2369 747 ἔχουσαν
2392 664 2660 747 ἄκρατον
2686 708 2772 718 —-
2798 670 3054 747 ὁμιλίαν

675 773 848 839 solus
907 766 1165 839 exhibet
1207 772 1287 851 D,
1349 794 1501 839 nam
1545 775 1613 837 in
1660 774 1883 837 ceteris
1930 771 2199 851 ἔχουσαν
2245 774 2455 852 deest,
2505 775 2675 860 quod
2722 796 2919 860 quam
2968 779 3055 842 sit

674 881 1104 944 necessarium
1172 880 1318 964 quis
1387 900 1512 943 non
1575 875 1795 944 videt?
1864 915 1948 926 —
2018 878 2185 944 Item
2245 876 2437 964 paulo
2498 885 2643 964 post
2703 881 2739 945 f
2772 880 2957 962 (135,
2986 878 3053 961 ¹7)

675 988 996 1048 ἐπαινῶσιν
1045 981 1122 1047 ἂν
1166 988 1231 1047 et
1267 982 1578 1063 φαίνοιντο
1618 982 1989 1062 (Φαίνωνται
2032 984 2399 1049 Hercherus
2439 990 2628 1049 recte.
2680 983 2777 1051 Cf.
2817 1007 2883 1070 p.
2928 984 3008 1049 ll
3030 986 3065 1049 f

674 1090 790 1154 ubi
839 1089 1014 1176 idem
1059 1088 1252 1153 codex
1298 1110 1414 1174 pro
1445 1088 1807 1165 ’βούλωνται
1860 1088 1968 1153 det
2014 1087 2355 1168 βούλοιντο)
2401 1094 2799 1154 accesserunt
2845 1110 2924 1154 ex
2969 1087 3051 1153 D.

673 1196 1002 1280 Scriptura
1049 1197 1268 1260 autem
1316 1195 1552 1260 codicis
1599 1191 1762 1261 Ooll.
1802 1193 1864 1258 Ν
1865 1215 1966 1259 ov.
2010 1194 2086 1260 ἂν
2123 1216 2238 1279 pro
2279 1194 2602 1258 ἐπαινῶσιν
2640 1194 2717 1259 ἂν
2757 1200 2824 1259 et
2862 1193 3057 1273 πρατ-

677 1324 897 1371 τοντας
962 1300 1066 1364 καὶ
1128 1302 1432 1377 λέγοντας
1495 1321 1610 1385 pro
1659 1301 2039 1376 πράττοντες
2087 1296 2191 1363 καὶ
2240 1300 2532 1376 λέγοντες
2564 1298 3056 1385 interpolatoris

675 1405 1015 1491 vulgatam
1073 1408 1448 1492 corrigentis
1509 1411 1627 1471 est.
1697 1404 1831 1471 Nec
1892 1405 2143 1471 diversa
2202 1410 2354 1470 sunt
2412 1426 2574 1490 quae
2633 1405 2809 1471 idem
2860 1405 3057 1471 codex

670 1514 916 1597 passim
960 1511 1234 1595 praebet.
1283 1509 1379 1577 Of.
1427 1510 1703 1576 Praefat.
1755 1511 1834 1576 ad
1879 1509 2021 1577 Vol.
2069 1509 2100 1574 Ι
2146 1533 2208 1596 p.
2255 1528 2373 1575 m
2394 1530 2486 1595 sq.

765 1617 1006 1682 Verum
1063 1622 1278 1681 tamen
1322 1618 1387 1681 h.
1435 1616 1481 1681 1.
1529 1619 1817 1701 quaestio
1864 1618 2249 1703 gravissima
2294 1619 2518 1694 oritur,
2568 1617 2892 1701 quomodo
2938 1617 3057 1681 hae

674 1724 1128 1808 discrepantiae
1191 1721 1599 1806 explicandae
1644 1724 1793 1787 sint.
1868 1722 1940 1787 Si
1984 1721 2250 1788 lacunae
2292 1721 2498 1787 latent
2514 1770 2531 1800 ,
2580 1744 2697 1787 cur
2737 1743 2867 1787 non
2914 1743 3056 1807 sup-

673 1828 930 1914 plentur
976 1827 1198 1892 eodem
1244 1828 1432 1893 modo
1463 1832 1604 1913 'quo
1653 1849 1873 1893 omnes
1908 1827 2171 1893 lacunae
2208 1827 2479 1893 latentes
2522 1827 2731 1908 (velut
2768 1828 3061 1895 homoeo-

676 1932 904 1999 teleuti
964 1930 1154 2018 ope)?
1215 1932 1287 1997 Si
1336 1954 1459 1997 non
1509 1934 1729 1998 eadem
1776 1936 1886 1999 via
1932 1939 1997 1998 et
2040 1934 2283 1998 ratione
2330 1932 2727 2017 supplentur,
2776 1953 2893 1998 cur
2935 1954 3064 1997 non

677 2044 773 2104 est
833 2040 1114 2124 spatium
1173 2040 1240 2103 in
1303 2038 1622 2104 codicibus
1684 2060 1966 2105 vacuum
2010 2036 2351 2106 relictum?
2400 2038 2566 2119 Quid
2614 2038 2875 2103 tandem
2922 2036 3063 2103 est?

676 2144 800 2210 Sed
859 2145 1014 2209 haec
1073 2142 1414 2209 difficultas
1459 2143 1644 2209 facile
1688 2144 2087 2231 infringitur,
2136 2144 2323 2209 modo
2372 2145 2857 2209 meminerimus
2904 2163 3062 2228 quos

675 2271 845 2315 nunc
903 2249 1306 2335 possidemus
1366 2248 1610 2313 codices
1671 2270 1753 2313 ex
1811 2251 2275 2315 vetustioribus
2329 2251 2703 2335 papyraceis
2750 2247 3063 2333 profectos

678 2375 832 2421 esse.
895 2354 1188 2440 Papyrus
1236 2359 1453 2419 autem
1501 2358 1598 2419 est
1645 2356 1845 2419 etiam
1888 2358 2119 2419 natura
2160 2356 2252 2419 ita
2299 2352 2607 2439 disposita
2648 2359 2715 2418 et
2760 2360 2899 2419 tam
2945 2354 3067 2418 fre-

678 2462 834 2549 gilis
850 2510 867 2539 ,
938 2465 1015 2526 ut
1075 2465 1362 2545 tempore
1420 2462 1758 2525 interiecto
1818 2462 1923 2525 hic
1976 2458 2112 2525 illic
2158 2464 2273 2524 aut
2317 2458 2581 2543 lacunae
2628 2461 2907 2525 existant
2951 2464 3063 2524 aut

679 2568 958 2652 vestigia
1015 2570 1273 2631 tantum
1316 2564 1685 2631 litterarum
1728 2567 2067 2651 supersint.
2125 2565 2339 2649 Atque
2383 2564 2827 2650 percommode
2873 2566 3067 2629 conti-

679 2675 782 2760 git
800 2719 816 2751 ,
879 2676 954 2736 ut
1014 2670 1090 2736 de
1151 2691 1275 2756 qua
1333 2673 1553 2757 agitur
1609 2691 1679 2736 re
1725 2672 2175 2737 testimonium
2220 2675 2584 2737 servaretur
2627 2672 2695 2734 in
2742 2669 3064 2736 codicibus

680 2779 785 2859 (ad
821 2800 884 2862 p.
927 2775 1060 2840 412
1078 2782 1142 2857 a)
1179 2775 1798 2854 luculentissimum,
1840 2777 1945 2842 fol.
1989 2776 2151 2842 213r
2188 2777 2421 2842 codicis
2462 2777 2739 2841 Parisini
2776 2799 2841 2842 n.
2888 2772 3058 2843 1671

681 2889 747 2948 et
791 2879 904 2946 fol.
957 2879 1116 2945 1321·
1164 2881 1300 2946 cod.
1349 2880 1551 2945 Vatic.
1593 2881 1822 2967 Regin.
1859 2902 1958 2968 gr.
1998 2905 2060 2947 n.
2103 2879 2191 2947 80
2231 2881 2644 2967 adscriptum.
2691 2881 2809 2946 Est
2845 2885 3063 2954 autem

678 2989 834 3053 hoc:
899 2987 968 3051 τὸ
1029 2987 1248 3065 χωρίον
1310 2992 1488 3051 τοῦτο
1548 2987 2001 3066 ἄσαφέστατόν
2066 2988 2197 3052 ἐστι
2260 2988 2365 3052 διὰ
2424 2987 2495 3052 τὸ
2557 2993 2891 3067 πολλαχοῦ
2937 2988 3065 3053 δια-

679 3091 994 3175 φθαρέντα
1058 3093 1144 3156 τὰ
1206 3098 1321 3156 τῶν
1383 3087 1674 3158 παλαιῶν
1739 3092 2142 3172 ἀντιγράφων
2204 3094 2292 3169 μὴ
2358 3093 2647 3160 δύνασθαι
2697 3093 2907 3174 σώζειν
2954 3096 3063 3169 την

679 3198 1006 3279 συνέχειαν
1046 3201 1153 3262 τοῦ
1193 3198 1415 3274 λόγου·
1462 3199 1565 3262 καὶ
1607 3194 1773 3262 εἶδον
1821 3199 1943 3273 ἐγὼ
1994 3198 2283 3263 παλαιὰν
2332 3197 2582 3276 βίβλον,
2634 3199 2693 3263 ἐν
2744 3195 2781 3280 ᾖ
2826 3214 3065 3264 πολλα-

680 3309 802 3387 χοῦ
867 3303 1305 3380 διαλείμματα
1372 3300 1457 3380 ἦν,
1523 3306 1599 3376 ὥς
1663 3307 1751 3380 μὴ
1800 3302 2144 3379 δυνηθέντος
2190 3308 2297 3368 τοῦ
2344 3303 2691 3384 γράφοντος
2742 3306 2929 3384 εὑρεῖν
2977 3305 3060 3368 τὰ

680 3412 977 3478 λείποντα
1043 3410 1411 3480 ἐλπίσαντος
1475 3408 1538 3474 δὲ
1601 3409 1743 3482 ἴσως
1805 3410 2071 3489 εὑρήσειν
2126 3412 2447 3490 α’λλαχοῦ.
2497 3412 2805 3476 Ἐνταῦθα
2855 3411 3058 3487 μέντοι

680 3516 848 3582 κατὰ
925 3515 1251 3595 συνέχειαν
1337 3515 1589 3595 ἐγράφη
1675 3516 1761 3580 τοὶ
1848 3513 2252 3580 διαλείποντα
2341 3518 2423 3596 τῷ
2497 3515 2717 3593 μηκέτι
2796 3515 3059 3587 ἐλπίδας

680 3618 834 3687 εἶναι
910 3621 994 3685 τα
1065 3620 1366 3684 λείποντα
1438 3621 1878 3699 εὑρεθήσεσθαι.
1966 3625 2154 3686 Τοῦτ’
2226 3622 2378 3685 αὐτὸ
2451 3622 2645 3686 τοίνυν
2715 3623 2838 3701 96Ρῆ
2911 3628 3059 3688 νοεῖν

681 3727 782 3791 καὶ
873 3730 1210 3804 πανταχοῦ
1296 3730 1400 3789 τοῦ
1485 3725 1741 3803 βιβλίου
1823 3723 1964 3790 ἔνθα
2042 3749 2132 3798 τις
2213 3727 2470 3800 τοιαύτη
2557 3727 2845 3806 ἀσάφεια
2915 3727 3062 3808 εὑρί-

681 3855 922 3896 σκεται.
1013 3831 1222 3912 Quam
1297 3831 1807 3897 observationem
1882 3851 2009 3895 non
2072 3831 2153 3896 ad
2226 3831 2441 3896 locum
2506 3836 2599 3917 (p.
2663 3830 2795 3897 412
2813 3836 2877 3912 a)
2956 3833 3059 3897 cui

677 3937 996 4021 adscripta
1071 3940 1169 4000 est
1245 3935 1461 4001 solum
1531 3937 1641 4002 sed
1703 3937 1785 4002 ad
1848 3957 2068 4000 omnes
2130 3935 2373 4001 similes
2435 3936 2657 4002 referri
2734 3942 2903 4002 recte
2970 3939 3060 4000 in-

675 4041 927 4107 tellexit
984 4039 1382 4106 Duebnerus.
1443 4041 1666 4127 Neque
1714 4041 2069 4107 audiendus
2115 4046 2211 4106 est
2256 4041 2425 4106 'Preu
2472 4040 2623 4122 (Zur
2670 4039 2900 4108 Gesch.
2952 4041 3061 4106 der

679 4145 1206 4233 Ueberlieferung
1269 4145 1300 4210 Ι
1361 4170 1422 4232 p.
1487 4155 1558 4229 x)
1620 4169 1813 4232 quem
1874 4168 2106 4234 parum
2166 4152 2334 4212 recte
2394 4146 2609 4212 locum
2669 4147 3057 4213 intellexisse

679 4256 941 4336 apparet
994 4254 1194 4316 etiam
1254 4273 1333 4316 ex
1394 4273 1468 4317 eo
1495 4274 1505 4283 ·
1531 4253 1702 4337 quod
1763 4256 2205 4320 accusativum
2268 4251 2720 4338 (διαφθαρέντα
2768 4255 2901 4334 τὰ),
2951 4255 3060 4338 qui

679 4357 835 4441 quid
895 4357 1020 4422 sibi
1079 4357 1276 4438 vellet
1335 4381 1461 4424 non
1504 4357 1926 4445 intellegebat
1942 4406 1959 4435 ,
2007 4361 2077 4422 in
2121 4361 2507 4444 genetivum
2550 4359 3057 4440 (διαφθαρέντων)

681 4466 996 4542 mutavit,
1036 4469 1226 4548 atque
1263 4468 1357 4530 ita
1395 4464 1598 4530 effecit
1633 4469 1710 4529 ut
1746 4482 1872 4526 non
1912 4466 2157 4528 veteres
2196 4465 2438 4530 codices
2457 4513 2474 4542 ,
2517 4465 2585 4529 id
2622 4464 2791 4549 quod
2832 4464 3060 4528 diserte
