3351 5463
1279 331 1648 380 nucnn'rms.
2574 313 2657 378 65

274 494 632 580 relinquere
679 500 799 574 (vs,
852 493 986 575 63).
1037 495 1219 574 Quod
1263 496 1318 559 si
1364 495 1596 561 faceret
1612 545 1629 575 ‚
1680 494 1979 561 Lucretio
2025 499 2333 562 iniuriam
2378 497 2659 562 inferret.

273 601 364 667 Re
407 622 558 667 vera
596 603 770 665 enim
811 601 930 666 hoc
969 605 1066 666 est
1103 621 1437 666 summum
1477 601 1817 667 consilium
1850 606 2378 688 propositumque
2402 609 2660 689 poetae,

273 714 347 772 ut
391 711 638 772 animos
685 714 866 772 metu
914 708 1180 773 deorum
1229 711 1582 792 mortisque
1629 708 1876 772 liberet.

361 813 573 892 Quam
654 814 732 878 ob
805 833 1062 878 causam
1130 816 1507 898 priusquam
1575 814 1739 878 hanc
1809 817 2122 879 rationem
2194 814 2659 899 consiliumque

274 923 480 1006 operis
543 924 850 1005 exponat,
913 919 1214 984 Lucretio
1279 921 1602 1005 agendum
1659 927 1755 985 est
1804 921 1879 985 de
1908 943 1999 985 .eo
2047 922 2215 1005 quod
2261 925 2479 1006 ipsum
2527 942 2663 1007 per-

273 1029 486 1092 movit
526 1032 592 1090 et
632 1025 899 1090 adduxit
945 1031 1020 1090 ut
1069 1026 1424 1090 doctrinam
1472 1031 1606 1090 tam
1655 1047 1925 1111 gravem
1974 1032 2039 1092 et
2084 1026 2409 1092 difficilem
2458 1049 2495 1091 a
2538 1047 2662 1111 qua

274 1131 516 1216 vulgus
565 1132 932 1196 abhorreret
952 1179 968 1208 ,
1020 1131 1308 1196 versibus
1357 1131 1627 1195 doceret.

360 1236 540 1301 Haec
589 1256 780 1301 causa
824 1256 1088 1301 movens
1134 1239 1353 1299 autem
1400 1231 1525 1299 fuit
1572 1235 1802 1320 religio
1850 1235 2175 1322 popularis
2228 1258 2430 1321 „quae
2471 1240 2663 1322 caput

273 1364 308 1408 a
351 1343 514 1408 caeli
562 1343 930 1429 regionibus
977 1341 1346 1406 ostendebat
1391 1341 1688 1406 horribili
1733 1362 1924 1426 super
1971 1349 2246 1428 aspectu
2283 1342 2664 1408 mortalibus

269 1450 580 1514 instans''.
629 1449 724 1513 De
771 1470 844 1513 ea
891 1450 1097 1534 igitur
1146 1450 1324 1532 prius
1365 1467 1560 1530 quam
1599 1450 2097 1532 propositionem
2137 1451 2467 1513 continuet
2508 1449 2663 1512 dicit

272 1577 366 1620 vs.
422 1555 508 1620 62
557 1576 691 1639 sqq.

360 1658 786 1725 Concedimus
852 1660 1229 1723 transitione
1289 1657 1451 1733 hanc
1520 1661 1769 1743 partem
1833 1679 2041 1723 carere
2060 1707 2076 1736 ,
2140 1660 2208 1723 id
2273 1660 2440 1744 quod
2488 1664 2661 1724 statu

271 1768 572 1830 carminis
619 1765 994 1849 imperfecto
1043 1764 1398 1849 explicatur
1444 1768 1506 1827 et
1553 1771 1915 1829 excusatur.
1981 1763 2402 1831 Cohaerentia
2448 1771 2665 1830 tamen

275 1892 423 1935 cum
497 1871 932 1956 superioribus
1002 1871 1292 1935 versibus
1312 1917 1328 1946 ,
1402 1871 1457 1932 si
1526 1875 1696 1934 recte
1765 1870 1953 1934 video
1972 1918 1988 1947 ,
2055 1893 2183 1935 non
2246 1870 2661 1936 desideratur.

274 1976 480 2042 Verba
526 1998 622 2041 vs.
669 1974 788 2039 54:
842 1998 1020 2052 „nam
1060 1974 1172 2038 tibi
1213 1976 1285 2037 de
1324 1997 1548 2037 summa
1587 1974 1741 2037 caeti
1780 1976 2015 2038 ratione
2054 1977 2335 2059 deumque
2376 1975 2665 2038 disserere

276 2082 609 2164 incipiam''
659 2080 1054 2167 generaliora
1099 2085 1164 2146 et
1209 2083 1421 2166 magis
1466 2079 1796 2145 indefinita
1844 2086 2027 2157 sunt,
2077 2102 2272 2165 quam
2336 2103 2413 2145 ex
2474 2080 2665 2145 Mun-

279 2190 450 2252 ronis
514 2189 1036 2272 interpretatione
1099 2192 1395 2271 apparet,
1463 2177 1588 2270 qui'
1619 2192 1809 2270 putat
1854 2207 1927 2251 ea
1971 2189 2286 2272 pertinere
2336 2187 2415 2251 ad
2464 2185 2663 2250 libros

280 2295 585 2378 quintum
619 2298 694 2357 et
741 2298 1017 2356 sextum.

363 2398 692 2483 Implicite
753 2403 816 2462 et
878 2397 1242 2463 abscondite
1301 2398 1454 2462 haec
1516 2398 1709 2462 verba
1753 2400 2066 2463 rationem
2112 2401 2311 2462 totius
2361 2400 2662 2462 carminis

275 2507 638 2581 continent,
714 2524 908 2587 quam
979 2508 1055 2566 ut
1121 2503 1318 2566 latius
1387 2510 1451 2566 et
1510 2504 1771 2568 uberius
1834 2502 2107 2588 explicet
2166 2507 2352 2589 poeta
2414 2507 2480 2566 et
2536 2523 2665 2565 una

275 2609 577 2674 historice
639 2613 911 2693 exponat
929 2657 947 2685 ,
1009 2610 1239 2692 incipit
1300 2608 1507 2672 denuo
1571 2610 1649 2672 ab
1713 2607 1843 2672 illis
1899 2609 2144 2674 verbis:
2193 2609 2481 2672 Humana
2526 2614 2666 2670 ante

279 2716 476 2779 oeulos
505 2717 704 2801 foede
741 2738 868 2778 cum
905 2714 1034 2778 vita
1073 2715 1294 2778 iaceret
1333 2715 1400 2777 in
1441 2714 1618 2778 terris
1659 2738 1942 2797 oppressa
1973 2715 2151 2796 qravi
2189 2715 2293 2778 sub
2330 2712 2661 2796 reliqione''

276 2830 418 2888 cett.
497 2823 555 2885 A
602 2822 867 2886 deorum
913 2824 1120 2907 igitur
1167 2828 1349 2885 metu
1396 2822 1687 2885 homines
1738 2827 1891 2886 sunt
1933 2822 2245 2887 liberandi
2291 2830 2355 2885 et
2403 2820 2667 2885 docendi

280 2927 470 3013 „quid
523 2928 723 3008 possit
791 2927 944 2990 oriri
961 2975 978 3005 ,
1043 2926 1195 3011 quid
1255 2933 1541 3011 nequeat,
1593 2927 1790 3009 finita
1840 2934 2113 3009 potestas
2160 2927 2412 3012 denique
2457 2926 2666 3010 cuique

278 3056 392 3117 qua
454 3056 594 3095 nam
652 3033 735 3095 sit
794 3033 1030 3096 ratione
1091 3039 1267 3116 atque
1327 3033 1451 3095 alte
1505 3034 1791 3096 terminus
1837 3033 2127 3097 haerens''
2192 3029 2533 3111 (75-77),
2598 3031 2665 3095 id

281 3139 446 3223 quod
517 3141 764 3223 primus
831 3138 1147 3222 Epicurus
1216 3137 1366 3202 fecit
1437 3136 1783 3217 (62—79).
1857 3138 2032 3204 Haec
2097 3144 2315 3203 autem
2380 3137 2665 3202 doctrina

277 3244 572 3307 homines
633 3265 758 3307 non
819 3243 972 3307 facit
1031 3245 1301 3327 impios,
1368 3244 1538 3327 quod
1593 3242 1949 3308 Memmius
1995 3250 2223 3330 putare
2271 3245 2507 3328 possit,
2556 3240 2664 3306 sed

285 3349 440 3427 „illa
488 3348 704 3427 reliyio
741 3348 982 3429 peperit
1026 3348 1316 3410 scelerosa
1363 3356 1540 3433 atque
1589 3348 1780 3430 impia
1809 3349 2043 3434 sacta'’
2097 3347 2483 3427 (80—101).

369 3452 498 3517 Sed
530 3455 665 3517 iam
702 3452 841 3517 fieri
884 3457 1138 3537 poterat
1185 3458 1261 3518 ut
1309 3453 1661 3520 Memmius
1709 3459 2043 3537 poetarum
2090 3453 2478 3518 carminibus
2525 3451 2672 3515 duc-

279 3563 380 3621 tus
440 3559 607 3622 hanc
668 3558 1146 3642 philosophiam
1213 3566 1630 3623 aversaretur.
1698 3559 1837 3624 Hac
1898 3562 2140 3623 ratione
2190 3558 2433 3623 scilicet
2480 3560 2671 3621 inter-

282 3670 495 3746 pretor
559 3664 752 3728 verba
811 3664 1130 3729 Lucretii:
1204 3664 1510 3739 „Ditemet
1555 3689 1594 3728 a
1639 3666 1807 3728 nobis
1852 3666 1975 3727 iam
2020 3666 2227 3749 quovis
2270 3672 2524 3745 tempore
2570 3685 2669 3725 ve-

285 3774 401 3831 tum
453 3768 800 3853 terriloquis
849 3768 1039 3831 victus
1088 3767 1267 3831 dictis
1314 3770 1634 3833 desciscere
1683 3770 1989 3855 quaeres”.
2039 3770 2363 3834 Futurum
2407 3769 2525 3833 hoc
2543 3815 2558 3845 ,
2601 3770 2669 3831 ni

284 3874 491 3953 fallor,
556 3875 747 3939 habet
794 3877 936 3939 vim
984 3876 1259 3958 optativi
1305 3874 1672 3958 potentialis
1719 3873 1980 3953 Graeci,
2030 3876 2097 3940 id
2144 3874 2311 3959 quod
2357 3894 2670 3938 commen-

287 3979 471 4045 datur
519 3983 832 4045 sententia
877 4000 1185 4043 versuum
1233 3982 1345 4063 qui
1394 3987 1769 4065 sequuntur,
1822 3979 2037 4045 Simili
2082 3980 2272 4045 modo
2322 3978 2556 4043 Seneca
2601 3981 2669 4041 in

288 4084 485 4148 simili
548 4106 616 4148 re
678 4084 910 4171 (Epist.
975 4084 1142 4148 Mor.
1192 4084 1303 4148 lib.
1358 4085 1525 4163 VIII,
1575 4108 1672 4172 ep.
1726 4087 1789 4163 2,
1839 4085 2051 4171 §29):
2102 4108 2180 4150 ne
2227 4090 2407 4150 extra
2452 4106 2669 4149 rerum

286 4196 581 4254 naturam
642 4193 866 4275 vagari
926 4194 1136 4256 virtus
1182 4197 1397 4255 nostra
1442 4192 1757 4268 videatur,
1808 4200 1871 4256 et
1919 4199 2123 4255 memet
2168 4195 2417 4276 sapiens
2462 4195 2527 4255 et
2573 4192 2673 4253 do-

286 4294 426 4357 lebit
471 4300 536 4358 et
582 4295 939 4376 expallescet
983 4343 995 4357 .
1031 4342 1043 4357 .
1075 4342 1089 4357 .
1140 4294 1288 4379 §30
1337 4296 1534 4360 multi
1580 4296 1844 4381 professi
1894 4298 2275 4381 sapientiam
2321 4296 2668 4361 levissimis

285 4420 768 4485 nonnumquam
829 4403 1023 4464 minis
1088 4404 1379 4465 exterriti
1442 4403 1658 4466 sunt'’.
1721 4402 1953 4467 Errant
2013 4405 2221 4488 igitur
2284 4404 2395 4486 qui
2440 4406 2670 4486 putant

2349 4525 2377 4572 5
