3351 5463
751 336 835 400 14
1810 353 2046 406 mvms.

834 517 1078 584 Eadem
1143 522 1527 586 correctione
1585 520 1837 606 indiget
1900 519 2119 590 Cicero
2180 522 2256 586 de
2319 523 2449 586 div.
2500 523 2561 588 2.
2589 521 2675 590 27
2725 527 2801 588 de
2844 548 2961 610 quo
2998 527 3175 608 pri-

743 646 894 685 mum
939 624 1046 687 hoc
1093 623 1237 706 libet
1281 625 1512 688 dicere:
1558 627 1635 688 H
1641 648 1672 688 0
1691 649 1721 688 c
1765 649 1867 707 eqo
1900 627 2257 709 philosophi
2303 649 2420 692 nou
2466 651 2589 692 csse
2634 630 2915 708 arbitror,
2969 633 3171 695 testi-

743 730 849 792 bus
896 729 1022 807 uti,
1073 751 1128 794 e.
1155 751 1214 814 q.
1241 753 1291 796 s.

1732 904 1984 970 Liber
2040 904 2147 969 IV.

834 1111 886 1154 c.
956 1087 1153 1154 3.10.
1225 1089 1341 1152 Eu
1411 1110 1755 1172 umquam
1831 1089 2077 1150 creditis
2124 1089 2337 1173 faudo
2402 1088 2823 1176 auditumstst
2866 1090 3157 1153 Numam

744 1195 1110 1279 Pompibium
1127 1243 1143 1272 ‚
1183 1217 1302 1258 nou
1340 1195 1505 1256 modo
1553 1216 1672 1256 uon
1707 1194 2041 1275 patricium
2060 1242 2075 1270 ,
2126 1196 2233 1256 sed
2277 1217 2351 1257 ue
2398 1195 2581 1257 civem
2628 1196 2862 1279 quidem
2910 1197 3156 1260 Roma—

744 1325 882 1364 uum
902 1349 918 1378 ‚
984 1323 1058 1364 cx
1115 1301 1330 1363 Sabino
1392 1322 1536 1380 αρν-ο
1601 1299 1853 1362 accitum
1872 1348 1887 1376 ,
1944 1300 2167 1380 populi
2228 1299 2394 1362 iussu
2454 1301 2731 1381 patribus
2792 1303 3155 1366 auctoribus

746 1407 971 1470 Romae
1015 1429 1292 1487 requasse
1311 1405 1346 1468 ‚7
2846 1476 2852 1481 ,

835 1511 1143 1576 Formula
1187 1535 1260 1574 eu
1305 1534 1595 1595 umquam,
1647 1512 1723 1576 de
1771 1532 1897 1596 qua
1942 1511 2089 1576 vide
2136 1511 2468 1576 Handium
2514 1512 2576 1577 2.
2607 1509 2733 1578 371
2780 1518 2844 1578 et
2866 1513 3155 1580 Ribbec—

745 1617 934 1681 kium
998 1617 1167 1682 Part.
1231 1617 1343 1680 lat.
1411 1614 1518 1692 34,
1585 1624 1682 1680 est
1730 1619 1914 1681 enixe
1961 1619 2257 1703 negantis
2301 1617 2407 1682 vel
2454 1617 2847 1702 desperantis
2892 1619 3156 1704 aliquid

746 1721 990 1786 factum
1040 1743 1175 1787 esse
1214 1725 1327 1785 aut
1363 1742 1546 1806 posse
1587 1719 1726 1784 fieri
1761 1723 2183 1806 iungiturque
2226 1743 2375 1786 cum
2410 1723 2693 1808 perfecto
2736 1731 2848 1788 aut
2886 1725 3146 1789 futuro,

747 1823 846 1893 Cf.
912 1826 973 1891 9.
1006 1827 1110 1892 10.
1142 1825 1178 1890 5
1245 1849 1294 1891 e.
1359 1850 1418 1890 u.
1467 1827 1798 1915 futurum,
1863 1835 1931 1890 ut
1978 1855 2057 1879 =
2102 1848 2459 1912 numquam
2502 1829 2785 1913 profecto
2834 1829 3149 1894 futurum

746 1939 875 2010 est,
942 1940 1036 1997 ut.
1104 1931 1296 1997 1ο.8.
1329 1932 1413 1997 10
1475 1955 1523 1996 e.
1585 1955 1646 1996 u.
1697 1934 1911 2018 faudo
1978 1933 2256 2019 audistis.
2318 1932 2630 1997 24.14.4
2679 1940 2743 1998 et
2790 1933 2897 1999 30.
2928 1935 3141 2000 21.8.

745 2038 966 2124 Neque
1029 2038 1216 2104 aliter
1275 2037 1601 2124 Vergilius
1649 2037 1724 2102 E.
1781 2039 1837 2102 1.
1869 2035 1952 2103 67
2002 2045 2066 2103 et
2114 2038 2172 2102 8.
2208 2036 2244 2104 7
2296 2047 2358 2104 et
2406 2038 2678 2105 Plautus
2729 2038 2885 2106 Gist.
2940 2039 3030 2106 86
3084 2066 3139 2106 e.

744 2167 806 2207 u.
871 2143 1246 2218 consuevisti,
1307 2143 1471 2207 Rud.
1524 2139 1677 2207 987.
1742 2141 1915 2206 Trin.
1968 2143 2117 2207 589.
2183 2142 2517 2210 Terentius
2565 2146 2828 2210 Phorm.
2881 2144 3015 2211 329
3071 2155 3141 2212 et

749 2248 900 2313 348.
949 2249 1281 2332 Discrepat
1326 2235 1492 2312 unus
1539 2247 1762 2312 Plauti
1806 2248 1984 2313 locus
2029 2252 2095 2312 in
2144 2250 2584 2316 Menaechmis
2633 2251 2763 2317 925
2814 2253 2928 2317 ubi
2974 2276 3025 2318 e.
3071 2279 3136 2319 u.

745 2377 871 2419 non
933 2362 1161 2444 negat,
1235 2354 1342 2418 sed
1402 2354 1787 2439 simpliciter
1846 2360 2033 2441 rogat
2096 2363 2160 2420 et
2221 2360 2519 2444 iungitur
2579 2380 2728 2423 cum
2789 2363 3136 2444 praesenti.

750 2459 988 2525 Verum
1033 2462 1126 2525 ibi
1173 2463 1450 2525 comicus
1501 2462 2021 2546 stupidissimum
2063 2463 2389 2528 medicum
2437 2485 2585 2529 cum
2633 2463 2759 2529 alia
2807 2465 3138 2549 pathetice

747 2573 811 2634 et
873 2568 1069 2631 stulte
1129 2567 1520 2654 rogitant‘em
1582 2568 1769 2646 facit,
1833 2575 1977 2632 tum
2040 2569 2195 2633 haec
2259 2589 2541 2654 quoque:
2604 2571 2726 2633 Dic
2770 2571 2920 2634 milti
2967 2595 3017 2634 e.
3068 2596 3133 2636 u.

747 2672 856 2754 (Βἰ
905 2697 983 2737 au
1031 2678 1120 2755 u.)
1168 2674 1458 2737 intestina
1504 2674 1615 2737 tibi
1664 2682 1913 2758 crepant
1930 2724 1944 2753 ,
1996 2677 2155 2760 quod
2196 2675 2422 2739 sentias
2452 2674 2520 2756 l).

836 2779 1068 2843 Nostro
1129 2778 1267 2843 loco
1325 2782 1598 2865 rogatio
1639 2778 1966 2856 Canuleii,
2031 2786 2105 2843 ut
2168 2801 2240 2843 ea.
2290 2802 2449 2865 quae
2497 2782 2817 2866 praecedit
2866 2785 2901 2868 ξ
2950 2783 2988 2847 9
3041 2786 3137 2847 ob—

743 2907 903 2948 secro
951 2905 1050 2947 vos
1098 2905 1255 2969 sqq„
1318 2906 1444 2948 non
1491 2891 1722 2971 negat,
1772 2884 1879 2949 sed
1928 2885 2201 2949 affirmat
2245 2886 2416 2951 hunc
2461 2890 2530 2951 in
2577 2888 2881 2952 modum:
2943 2889 3131 2966 „Non

748 3011 940 3066 „sane
1000 2989 1289 3067 creditis,
1347 2989 1600 3074 plebem
1662 2996 1797 3055 tam
1849 2990 2117 3055 stult-am
2166 3013 2335 3069 esse,
2386 2998 2461 3057 ut
2504 3016 2582 3057 ne
2631 2993 2817 3058 fando
2867 2994 3127 3079 quidem

749 3095 1142 3172 „audiverit,
1221 3095 1506 3160 Numam
1579 3095 1861 3180 aliosque
1932 3116 2115 3181 reges
2186 3097 2382 3162 fuisse
2451 3100 2884 3185 peregrinos”,
2955 3102 3127 3165 unde

746 3200 1066 3280 concludit
1127 3221 1234 3278 ea,
1302 3222 1462 3285 quae
1521 3200 1831 3287 leguntur
1876 3203 1945 3265 in
1994 3202 2159 3286 513.
2225 3203 2599 3288 Alloquitur
2648 3212 2867 3269 autem
2914 3213 3126 3290 patres

743 3307 891 3373 inde
939 3328 976 3371 a
1024 3304 1124 3391 §9
1178 3307 1282 3386 (cf.
1335 3305 1504 3391 §13‚
1554 3329 1604 3372 c.
1660 3308 1702 3371 4
1749 3309 1822 3392 ξς
1852 3306 1911 3384 7,
1940 3308 2000 3385 9,
2048 3310 2125 3373 11
2156 3315 2299 3394 sq.),
2340 3332 2490 3375 cum
2531 3314 2840 3396 coepisset
2882 3310 3124 3396 alloqui

745 3411 1026 3492 Quirites
1073 3411 1333 3496 §2—9,
1385 3413 1461 3477 ad
1509 3435 1668 3498 quos
1716 3414 1914 3478 semel
1959 3418 2154 3478 etiam
2201 3437 2266 3480 se
2314 3420 2630 3481 conuertit
2676 3439 2727 3481 c.
2784 3420 2821 3482 5
2871 3417 2994 3500 ξ4.

836 3519 1121 3603 Apparet
1183 3519 1636 3604 corrigendum
1699 3540 1834 3584 esse
1897 3520 2321 3605 Numquam
2380 3523 2664 3599 creditis,
2714 3524 2777 3587 h.
2828 3545 2881 3590 e.
2933 3524 3135 3599 crediss

745 3626 909 3709 tisne
927 3671 943 3700 ,
993 3644 1348 3709 numquam
1379 3625 1594 3710 faudo
1641 3626 1915 3688 auditum
1962 3649 2083 3689 csse
2130 3648 2182 3690 e.
2211 3650 2268 3712 q.
2297 3650 2347 3691 s.

835 3847 888 3889 c.
946 3824 1048 3892 17.
1081 3826 1184 3892 12.
1240 3828 1383 3891 Tum
1429 3830 1654 3891 demum
1700 3836 1902 3893 castra
1948 3828 2329 3895 Etruscorum
2364 3854 2485 3914 pro
2532 3832 2826 3896 moenibus
2870 3833 3118 3899 Fidena-

741 3956 872 3995 rum
905 3934 1134 4014 posita.
1200 3936 1286 3997 Et
1332 3935 1590 3997 dictator
1636 3936 1943 3998 Romanus
1986 3936 2155 3999 haud
2185 3938 2408 4019 procul
2455 3938 2598 4001 iude
2645 3940 2728 4000 ad
2773 3942 3117 4020 confluentis

743 4039 1007 4101 consedit
1075 4039 1142 4101 iu
1211 4040 1521 4124 utriusque
1590 4040 1749 4122 ripis
1818 4041 2043 4117 amuis,
2116 4066 2264 4125 qua
2339 4044 2568 4127 sequi
2648 4045 3115 4109 munimento

693 4154 697 4159 '
730 4167 781 4226 p
802 4151 1100 4221 oberat,
1149 4145 1311 4207 vallo
1357 4145 1744 4227 interposite,
1780 4138 2024 4228 postero
2070 4149 2169 4209 dic
2214 4148 2416 4211 acicm'
2442 4150 2665 4211 eduoeit.

811 4375 860 4433 1)
909 4369 1118 4423 Mirum'
1147 4376 1198 4422 in
1243 4376 1438 4423 modum
1489 4376 1548 4423 ad
1591 4375 1975 4440 stultiloquentis
2026 4378 2196 4426 medici
2241 4378 2510 4443 exemplum
2565 4380 2616 4427 in
2667 4380 2829 4427 eadem
2881 4381 3111 4429 comoedia

742 4472 786 4507 v.
825 4456 920 4507 147
959 4458 1152 4507 Brixius
1184 4474 1242 4507 cn
1276 4474 1494 4522 umquam
1527 4460 1736 4508 correxit
1769 4475 1859 4525 pro
1895 4460 1947 4510 ll.
1985 4460 2187 4510 lectione
2220 4478 2488 4525 numquam.
