3351 5463
1433 330 1672 380 mvms.
2698 309 2739 374 3

355 495 512 560 bello
579 501 776 573 (nee)
845 497 916 558 ab
975 497 1238 559 hostibus
1282 497 1432 560 ulbis
1477 499 1763 560 obsessum
1808 519 1929 560 esse
1945 546 1962 575 ,
2014 497 2261 563 liberum
2308 499 2550 560 eundem
2600 507 2745 578 <po-

345 603 617 684 pulum>
689 603 761 663 ab
833 601 1046 664 iisdem
1111 602 1482 692 <Etrusci-s>
1546 602 1805 666 obsideri
1822 651 1837 680 ,
1910 624 2156 687 quorum
2218 625 2396 684 saepe
2454 601 2745 665 exereitus

341 707 625 792 fuderit.

452 813 617 878 Eece
679 815 992 879 sententia
1053 815 1314 900 egregie
1376 817 1679 878 concinna
1734 819 1798 878 et
1844 813 2137 900 elegans,
2188 814 2533 879 dummodo
2575 813 2746 900 glos-

359 925 608 984 semata
654 918 1077 1005 expellantur,
1136 941 1295 1004 quae
1343 923 1525 984 uncis
1571 919 1825 984 inclusi.
1874 921 2121 1005 Nempe
2169 919 2389 985 nullus
2437 926 2572 984 erat
2617 941 2747 1006 me-

360 1031 504 1101 tus,
570 1045 648 1089 ne
714 1024 887 1089 Livii
951 1024 1244 1108 aequales
1309 1025 1385 1088 de
1447 1024 1572 1088 6116
1621 1027 1935 1089 servitute
1982 1029 2339 1111 cogitarent
2385 1047 2578 1110 quam
2628 1025 2745 1089 sub

359 1129 626 1214 regibus
642 1148 657 1206 3
721 1130 792 1191 ab
852 1129 1099 1192 iisdem.-
1163 1121 1348 1214 exple
1366 1179 1382 1206 ,
1435 1151 1559 1194 non
1605 1131 1912 1207 Etruscis,
1960 1130 2069 1194 sed
2114 1132 2395 1194 hostibus.
2459 1130 2747 1215 Denique

363 1236 612 1298 semovi
673 1234 1081 1319 negationem
1143 1257 1248 1298 nee
1267 1283 1282 1312 ,
1349 1241 1424 1299 ut
1484 1234 1755 1299 tollatur
1815 1235 2205 1322 tautologia3
2292 1239 2509 1322 arguit
2575 1237 2747 1300 enim

361 1338 657 1415 MuciuS,
715 1338 1030 1423 populum
1075 1337 1438 1403 Romanum
1482 1341 1552 1404 in
1599 1339 1786 1410 bellis
1834 1339 2042 1404 adhue
2086 1344 2287 1426 gestis
2336 1341 2621 1405 nondum
2670 1341 2746 1404 ab

362 1445 661 1510 hostibus
705 1443 898 1522 ullis,
947 1449 1246 1529 quamvis
1293 1445 1562 1524 validis,
1611 1446 1941 1512 obsessum
1987 1447 2204 1512 fuisse.

456 1671 508 1714 6.
561 1648 666 1714 12.
698 1648 801 1713 13.
868 1649 1009 1726 „En
1069 1649 1247 1726 tibi”,
1308 1649 1509 1734 inquit
1571 1647 1670 1730 (G.
1722 1649 2029 1728 Mucius),
2102 1657 2210 1727 „ut
2269 1651 2529 1726 sentias,
2579 1673 2752 1735 quam

359 1755 486 1820 vile
557 1777 768 1837 eorpus
833 1754 918 1818 sit
977 1755 1059 1818 iis
1078 1804 1094 1833 ‚
1157 1756 1262 1840 qui
1323 1779 1594 1836 maynam
1648 1756 1910 1836 yloriam
1970 1779 2006 1819 v
2024 1756 2049 1818 i
2066 1759 2111 1819 d
2124 1780 2155 1819 e
2172 1780 2213 1819 n
2230 1755 2320 1833 t''‚
2371 1758 2753 1839 dextramque

363 1883 607 1927 accenso
653 1863 739 1924 ad
783 1861 1144 1944 saerifioimn
1175 1862 1398 1947 foculo
1443 1861 1641 1924 inicit.

459 1967 723 2031 Livium
785 1969 1112 2053 scripsisse
1173 1973 1352 2050 put0,
1417 1967 1523 2051 qui
1585 1990 1857 2048 maquam
1910 1968 2170 2048 qloriam
2232 1967 2626 2044 ambiunt,
2690 1972 2754 2031 et

364 2072 762 2157 corruptelae
809 2075 1076 2158 genesin
1121 2073 1282 2137 hanc
1329 2073 1560 2156 fuisse:
1605 2074 1811 2154 yloria
1858 2073 1990 2154 (vel
2023 2073 2182 2154 ylio)
2224 2073 2465 2150 obium,
2506 2072 2752 2148 avium,

359 2180 775 2261 qloriaviurct,
820 2179 1246 2258 yloriavident.
1300 2169 1693 2264 Exemplum
1714 2229 1729 2256 ,
1783 2180 1950 2264 quod
1997 2181 2066 2242 in
2112 2178 2419 2263 vulgatae
2465 2179 2755 2242 lectionis

367 2284 732 2349 subsidium
779 2291 1078 2360 vocatur,
1110 2282 1170 2347 3.
1200 2283 1305 2348 68.
1341 2285 1456 2348 10:
1507 2286 1675 2348 euius
1723 2266 1930 2348 mens
1976 2285 2139 2347 nihil
2167 2292 2418 2366 praeter
2455 2284 2755 2365 publicum

369 2392 726 2454 commodum
772 2390 1026 2465 videt,
1088 2389 1154 2452 id
1200 2392 1420 2474 ipsum
1453 2392 1690 2468 habet,
1742 2390 1910 2475 quod
1955 2394 2023 2454 in
2069 2397 2284 2454 nostro
2333 2389 2471 2454 1060
2520 2390 2757 2454 deside-

369 2500 569 2559 ratur.
633 2493 727 2558 De
789 2494 1002 2558 aoiunt
1045 2515 1158 2578 pro
1205 2495 1416 2557 abiunt
1463 2495 1677 2558 confer
1722 2498 1893 2560 inter
1941 2494 2067 2559 alia
2112 2497 2179 2557 in
2225 2495 2448 2559 Luch
2468 2497 2576 2558 611
2620 2517 2759 2579 pro-

369 2599 728 2692 legomenis
789 2622 852 2685 p.
901 2619 1086 2666 xxxv
1131 2600 1337 2664 iuvent
1385 2622 1497 2685 pro
1544 2601 1781 2679 iubent,
1831 2602 2177 2664 bestibulum
2223 2622 2336 2685 pro
2382 2601 2753 2666 vestibulum.

465 2843 518 2885 6.
575 2821 677 2884 14.
711 2821 769 2884 l.
833 2820 1019 2904 Usque
1066 2822 1150 2883 ad
1194 2827 1454 2883 nostram
1501 2827 1751 2883 aetatem
1804 2820 1965 2883 inter
2011 2828 2205 2883 cetera
2240 2822 2526 2884 solemnia
2564 2828 2759 2883 manet

375 2932 568 3007 (mos)
615 2928 767 2990 bona
813 2926 1146 2989 Porsinnae
1189 2926 1348 3006 reqis
1399 2925 1729 3003 vendendi,
1778 2927 1946 2988 euius
1992 2926 2280 3007 oriqinem
2316 2927 2497 2990 moris
2533 2948 2759 2989 neeesse
2875 2955 2881 2960 ·

379 3039 466 3097 est
529 3040 637 3095 aut
681 3030 842 3095 inter
891 3032 1106 3094 bellum
1153 3038 1355 3093 natam
1401 3054 1522 3094 esse
1567 3054 1753 3116 neque
1800 3032 2071 3095 omissam
2115 3033 2181 3094 in
2215 3055 2371 3113 paee
2420 3039 2527 3094 aut
2573 3056 2611 3094 a
2656 3031 2761 3093 mi-

383 3138 534 3201 tiore
597 3138 847 3201 crevisse
893 3137 1208 3219 principio
1231 3185 1246 3214 ,
1312 3160 1487 3221 quam
1549 3137 1648 3199 hie
1695 3160 1855 3219 prae
1916 3160 1977 3199 se
2022 3140 2210 3222 ferat
2256 3139 2471 3201 titulus
2520 3139 2647 3214 <bo
2665 3161 2705 3199 n
2723 3161 2760 3198 a

381 3242 823 3309 hostiliter
891 3242 1362 3315 vendendi).
1438 3242 1781 3305 Hoaimum
1851 3264 1985 3304 vero
2056 3250 2145 3305 est
2217 3289 2229 3304 .
2263 3290 2275 3305 .
2308 3290 2321 3305 .
2404 3243 2755 3305 Porsinnam

287 3418 294 3425 .
385 3348 775 3410 discedentem
826 3395 839 3410 .
869 3394 882 3411 .
914 3394 928 3411 .
990 3356 1189 3410 eastra
1256 3348 1540 3429 opulenta
1590 3396 1602 3411 .
1635 3396 1648 3411 .
1680 3398 1695 3413 .
1747 3348 2035 3410 Romanis
2103 3350 2253 3410 douo
2323 3348 2557 3410 dedisse
2606 3394 2620 3409 .
2654 3396 2667 3411 .
2699 3396 2712 3409 .
2748 3374 2762 3389 ·

387 3475 456 3517 ea
503 3453 721 3516 deinde
739 3501 752 3527 ,
800 3474 874 3514 ne
908 3453 1139 3534 populo
1187 3452 1443 3515 immisso
1489 3452 1903 3533 diriperentur
1947 3453 2269 3529 hostiliter,
2318 3452 2546 3514 venisse
2593 3453 2766 3514 bona-

384 3581 496 3643 que
543 3558 877 3621 Porsinnae
923 3559 1238 3639 appellata
1255 3607 1271 3636 ‚
1307 3558 1572 3639 qratiam
1608 3558 1870 3621 muneris
1906 3558 2095 3639 maqis
2131 3557 2509 3639 siqnifieante
2548 3558 2727 3620 titulo
2747 3604 2764 3633 ,

383 3687 557 3748 quam
603 3664 930 3727 auctionem
959 3663 1269 3748 fortunae
1313 3664 1532 3745 reqiae.
2494 3666 2499 3673 ’

473 3768 722 3833 86611161
768 3768 940 3851 (111οᾶ
975 3771 1270 3852 ineptum
1310 3768 1628 3854 glossema
1667 3790 1803 3837 esse
1842 3769 2121 3833 videtur.
2169 3769 2337 3833 Nam
2380 3768 2534 3851 quid
2575 3769 2771 3853 signi-

391 3872 537 3937 ficat
592 3873 1028 3935 hostiliter
1087 3872 1379 3937 vendere?
1442 3874 1582 3939 Non
1646 3874 1712 3937 id
1766 3876 2079 3958 profecto,
2130 3874 2297 3958 quod
2344 3873 2769 3937 Weissenbor-

391 3982 534 4043 nius
595 3980 720 4054 ait,
787 3978 950 4055 „wie
1005 3979 1106 4043 die
1151 3982 1360 4043 einem
1405 3979 1640 4043 Feinde
1688 3982 2191 4065 abgenommene
2238 3978 2525 4043 Beute''..
2573 3978 2770 4042 Inter-

389 4083 636 4168 polator
695 4105 1026 4167 perperam
1086 4084 1446 4161 intellexit,
1512 4088 1755 4169 opinor,
1825 4106 1985 4170 quae
2046 4106 2198 4149 mox
2260 4090 2634 4168 sequuntur,
2701 4087 2769 4147 in

392 4190 620 4274 quibus
682 4190 984 4252 hostiliter
1044 4192 1330 4253 iunxisse
1393 4191 1651 4255 videtur
1714 4213 1863 4255 61116
1923 4193 2212 4275 sequenti
2258 4190 2457 4253 verbo
2506 4190 2766 4264 venisse,

393 4316 657 4380 eamque
721 4316 756 4359 a
819 4316 885 4359 66
948 4295 1166 4359 fictam
1227 4294 1615 4361 locutionem
1682 4300 1783 4361 1116
1847 4299 2170 4381 repetivit.
2229 4296 2466 4357 Titulus
2515 4301 2730 4358 autem
2754 4342 2768 4368 ,

395 4422 582 4485 quem
630 4401 942 4466 indicavit
983 4400 1214 4466 Livius
1259 4401 1370 4467 sed
1414 4425 1540 4468 non
1583 4405 1951 4488 perscripsit
1969 4451 1987 4480 ,
2035 4401 2199 4466 nihil
2243 4402 2604 4466 continebat
2643 4400 2770 4463 nisi
