3351 5463
1331 406 1650 451 κεΡΜΑτΑ.
2553 383 2682 520 3163

298 570 533 637 rabiles
588 567 1013 638 videbantur?
1076 569 1163 634 ΑΛ,
1223 569 1595 656 procedente
1643 589 1830 655 opere
1881 572 2149 654 scriptor
2196 566 2683 634 Hellenicorum

301 680 512 764 magis
558 675 913 742 delectatur
956 677 1253 740 minutiis
1271 724 1287 754 ,
1336 695 1497 760 quae
1545 695 1732 761 saepe
1777 677 1892 740 vix
1930 673 2466 750 ἀξιομνημόνευτα
2508 679 2678 739 sunt.

300 781 472 848 Mihi
518 801 768 866 semper
813 783 956 847 visa
1004 786 1101 845 est
1146 779 1629 846 Hellenicorum
1674 781 1956 846 recensio
2003 800 2130 865 qua
2171 782 2443 857 utimur,
2502 779 2686 844 docto

300 891 441 954 viro
486 886 702 953 deberi
719 935 735 964 ,
779 888 890 972 qui
929 886 1087 951 dum
1124 885 1616 972 Xenophontem
1656 887 2032 972 excerpebat
2049 934 2065 964 ‚
2105 905 2356 971 semper
2391 887 2688 970 pauciora

300 993 666 1059 resecuerit.
742 991 831 1057 At
891 991 1127 1057 dixerit
1171 993 1528 1077 quispiam,
1578 991 1740 1057 hanc
1789 992 2051 1077 quidem
2097 995 2409 1057 rationem
2456 981 2686 1076 paru'm

305 1097 741 1166 verosimilem
808 1119 944 1164 esse
960 1147 976 1177 ,
1048 1118 1253 1183 quum
1317 1100 1375 1162 is
1444 1099 1556 1182 qui
1620 1098 1919 1183 properat
1983 1098 2064 1163 ad
2129 1098 2323 1164 finem
2340 1145 2358 1176 ‚
2439 1116 2689 1183 semper

300 1207 600 1290 pauciora·
638 1203 837 1270 soleat
875 1203 1264 1290 relinquere3
1306 1204 1457 1268 hinc
1497 1191 1694 1269 exiles
1733 1207 2044 1292 epitomas
2082 1206 2247 1270 circa
2270 1204 2462 1269 finem
2489 1206 2687 1269 etiam

300 1310 437 1375 fieri
496 1313 813 1378 sicciores.
882 1310 1256 1396 Respondeo
1320 1311 1650 1375 hominem
1699 1330 1891 1396 quem
1939 1309 2114 1396 fingo
2131 1359 2147 1388 ,
2195 1313 2264 1374 in
2312 1332 2428 1376 suo
2475 1311 2688 1375 codice

303 1419 627 1483 notavisse
666 1415 867 1482 obelis
902 1415 1009 1482 vel
1047 1415 1193 1482 aliis
1231 1416 1613 1502 quibusdam
1651 1419 1854 1502 signis
1893 1438 2000 1482 eos
2035 1416 2205 1482 locos
2226 1465 2242 1495 ,
2285 1418 2396 1501 qui
2431 1420 2692 1501 possent

302 1525 522 1588 omitti
560 1543 631 1588 ac
667 1519 797 1587 tale
836 1521 1163 1608 exemplar
1201 1521 1518 1589 traditum
1564 1524 1763 1588 fuisse
1809 1521 2067 1608 librario
2114 1525 2226 1608 qui
2287 1522 2686 1588 describeret.

261 1625 267 1632 ’
302 1627 406 1694 Sic
444 1628 732 1694 taedium
769 1627 922 1693 fecit
962 1634 1037 1692 ut
1068 1627 1421 1693 identidem
1445 1631 1746 1714 pauciora
1768 1634 2046 1706 notaret,
2074 1627 2262 1714 plura
2282 1626 2688 1713 relinqueret.

300 1734 445 1800 Hoc
504 1734 693 1800 modo
754 1735 999 1798 factum
1062 1731 1187 1812 est,
1254 1739 1330 1799 ut
1376 1737 1755 1819 praesertim
1799 1737 1867 1799 in
1897 1730 2124 1820 =primo
2169 1734 2331 1800 libro
2379 1733 2690 1820 quaedam

298 1842 536 1918 insint,
603 1859 763 1925 quae
824 1843 1084 1925 propter
1128 1842 1444 1905 concisam
1491 1841 1874 1907 brevitatem
1919 1843 2032 1907 vix
2077 1843 2321 1925 possint
2366 1839 2688 1925 intelligi;

304 1967 510 2033 quum
547 1947 617 2010 in
632 1993 639 1998 -
655 1946 1108 2032 posterioribus
1146 1943 1331 2010 libris
1350 1993 1367 2022 ‚
1408 1948 1604 2012 etiam
1640 1948 1710 2010 in
1751 1946 2169 2031 descriptione
2199 1967 2422 2011 earum
2451 1966 2688 2022 rerum,

302 2051 539 2138 quibus
600 2050 952 2137 Xenophon
1018 2071 1143 2116 non
1188 2052 1325 2135 ipse
1369 2052 1665 2116 interfuit
1682 2101 1698 2130 ,
1747 2050 2292 2137 deprehendamus
2337 2051 2689 2117 identidem

298 2157 576 2223 lacteam
630 2158 991 2223 ubertatem
1052 2157 1122 2219 in
1169 2158 1441 2221 minutis
1484 2158 1675 2222 rebus
1721 2157 2084 2223 referendis.
2130 2157 2448 2244 Exspecto
2496 2155 2573 2221 de
2621 2176 2693 2220 ea

302 2265 663 2349 suspicione
681 2310 699 2341 ,
750 2283 878 2328 non
922 2263 1098 2340 enim
1144 2261 1315 2328 ultra
1358 2261 1694 2347 procedere
1737 2265 1924 2330 iuvat
1942 2312 1958 2342 ,
2006 2262 2113 2328 vel
2156 2265 2360 2348 ipsius
2414 2263 2694 2327 Breiten-

302 2370 521 2436 bachii
565 2370 881 2435 iudicium
924 2367 1030 2434 vel
1072 2373 1241 2434 certe
1289 2389 1511 2435 eorum
1530 2417 1546 2448 ,
1589 2371 1702 2454 qui
1741 2374 1888 2454 post
1925 2368 2118 2433 illum
2159 2375 2438 2455 pergunt
2477 2370 2691 2433 omnia

300 2476 752 2561 undecumque
811 2473 1116 2561 colligere
1131 2522 1148 2552 ,
1213 2495 1337 2559 quo
1396 2474 1662 2540 illorum
1726 2478 2094 2560 temporum
2141 2475 2409 2539 historia
2455 2471 2690 2538 melius

302 2587 744 2668 cognoscatur.
806 2580 979 2646 Mihi
1041 2581 1303 2665 quidem
1362 2580 1555 2646 verba
1616 2601 1778 2665 quae
1839 2571 2031 2666 supra
2092 2579 2433 2664 descripsi,
2482 2579 2697 2642 addita

304 2687 505 2755 fuisse
545 2686 850 2754 videntur
885 2685 963 2752 ab
1009 2706 1081 2751 eo
1099 2734 1117 2765 ‚
1166 2687 1278 2771 qui
1322 2682 1587 2753 lectores
1632 2705 1896 2753 monere
1942 2685 2232 2764 volebat,
2273 2706 2354 2751 ne
2390 2686 2586 2749 nimis
2623 2704 2697 2750 ea

306 2793 738 2859 desiderarent
755 2840 771 2871 ‚
843 2812 1003 2877 quae
1072 2794 1142 2857 in
1208 2793 1487 2877 epitome
1557 2795 1795 2859 omissa
1857 2797 2083 2858 essent.
2147 2790 2306 2856 Vide
2369 2795 2695 2875 praeterea

302 2896 741 2965 Schwarzium
784 2900 856 2963 in
903 2898 1133 2963 Museo
1179 2898 1481 2963 Rhenano
1528 2898 1737 2964 XLIV
1782 2920 1844 2985 p.
1899 2898 2024 2963 161
2057 2918 2194 2983 sqq.
2241 2908 2252 2916 '

398 3003 755 3069 LXXVIII.
828 3003 989 3068 Ibid.
1054 3002 1161 3068 IV.
1210 3002 1273 3068 8.
1303 3003 1343 3068 3
1406 3003 1782 3091 Dercylidas
1843 3026 1971 3070 non
2017 3001 2219 3082 ὥσπερ
2267 3004 2320 3067 οἱ
2369 2999 2551 3067 ἄλλοι
2602 3001 2702 3081 αἱρ-

312 3110 505 3188 μοςα)
549 3109 847 3187 ἐξέλιπεν,
884 3108 1058 3175 malo
1098 3107 1402 3188 ἐξέπεσεν,
1438 3110 1607 3195 quod
1646 3112 1921 3177 verbum
1945 3114 2115 3176 recte
2138 3112 2426 3195 positum
2450 3113 2548 3173 est
2571 3109 2608 3191 ᾖ
2635 3105 2697 3171 5.

401 3214 639 3279 LXIX.
709 3213 871 3279 Ibid.
935 3212 1045 3279 IV.
1095 3212 1157 3280 8.
1190 3213 1318 3281 14:
1383 3215 1544 3286 τίνος
1608 3212 1685 3279 ἂν
1747 3212 1927 3279 ἕνεκα
1977 3213 2122 3293 πρὸς
2173 3215 2343 3290 ἡμᾶς
2391 3211 2701 3290 βασιλεὺς

312 3320 613 3398 πολεμοίη
656 3319 690 3395 ἢ
730 3320 1037 3399 χρήματα
1072 3316 1388 3399 δαπανῴη,
1420 3318 1682 3384 malim:
1726 3319 1857 3385 καὶ
1898 3320 2228 3397 χρήματα.
2270 3316 2368 3385 Of.
2395 3316 2471 3383 V.
2503 3318 2562 3382 1.
2590 3316 2698 3383 31.

406 3426 678 3491 LXXX.
750 3424 913 3491 Ibid.
974 3424 1085 3490 IV.
1132 3424 1195 3490 8.
1226 3423 1346 3491 35:
1413 3426 1668 3489 ὑπονοῶν
1731 3422 1822 3489 ὅτι
1874 3425 2244 3498 καταςῆσας
2295 3420 2376 3489 αὖ
2421 3425 2531 3496 τὴν
2578 3424 2710 3487 ἐκεῖ

316 3533 587 3613 Φρουρὰν
649 3530 1309 3611 ἀποπορεύσοιτο
1358 3528 1570 3595 πάλιν.
1618 3529 1839 3616 Longe
1884 3534 2164 3615 praestat
2210 3527 2705 3606 καταπορεύ-

318 3662 405 3703 σο
423 3664 443 3703 ι
462 3662 501 3701 τ
519 3660 568 3702 ο.
632 3636 913 3703 Declivis
974 3638 1085 3701 via
1144 3640 1280 3701 erat
1334 3642 1398 3700 et
1442 3657 1665 3702 revera
1709 3635 1855 3721 §3¹7
1904 3636 2258 3701 Anaxibius
2305 3633 2703 3711 καταβαίνει.

320 3743 506 3822 Quod
548 3745 823 3808 iteratur
864 3742 1138 3809 verbum
1185 3742 1595 3819 ἐπεπορεύετο
1634 3740 1802 3827 §36‚
1845 3741 2173 3828 eleganter
2209 3738 2409 3806 deleri
2446 3741 2703 3825 poterit.

410 3847 713 3912 LXXXI.
782 3846 951 3912 Mire
1012 3846 1260 3911 dictum
1320 3852 1419 3911 est
1474 3846 1630 3913 ibid.
1678 3846 1753 3913 V.
1809 3847 1868 3911 l.
1895 3846 1971 3912 2:
2023 3845 2050 3909 ὃ
2100 3846 2307 3920 μέντοι
2354 3846 2703 3915 Τελευτίας

320 3955 533 4033 τυχὼν
582 3952 711 4016 ἐπὶ
760 3960 875 4017 τῶν
923 3952 1114 4025 νήσων
1161 3974 1289 4015 ποι
1336 3954 1691 4030 ἀφιγμένος
1739 3952 1914 4016 κατὰ
1960 3952 2303 4030 χρημάτων
2350 3948 2524 4029 πόρον
2573 3948 2702 4012 κτὲ.

321 4058 490 4137 Quid
529 4054 884 4143 Xenophon
924 4056 1131 4121 dicere
1170 4054 1484 4134 voluerit,
1510 4062 1793 4142 apparet.
1835 4054 2156 4121 'Peleutias
2195 4056 2705 4137 circumnavigat

323 4163 660 4248 Aegaeum
716 4182 893 4230 mare
953 4166 1030 4225 ut
1073 4162 1410 4246 pecuniam
1457 4162 1535 4227 ab
1584 4164 1773 4227 sociis
1819 4164 2041 4248 exigat
2085 4160 2468 4244 tandemque
2515 4159 2708 4245 Aegi-

322 4287 477 4333 nam
535 4270 737 4334 venit.
800 4267 941 4332 Hoc
1003 4287 1257 4352 quoque
1300 4269 1601 4333 novimus
1649 4270 1738 4333 sic
1784 4266 2168 4351 simpliciter
2213 4265 2401 4337 νήσων
2445 4267 2706 4330 nomine

315 4374 562 4440 insulas
604 4373 891 4460 intelligi
934 4374 1175 4459 Aegaei
1220 4378 1434 4440 maris.
1484 4373 1589 4441 Sic
1633 4374 1878 4462 legitur
1924 4372 2033 4439 IV.
2074 4371 2138 4437 8.
2167 4370 2244 4438 ¹7:
2294 4370 2563 4436 ἔπλευσε
2602 4371 2705 4436 διὰ

322 4481 515 4555 νήσων
583 4481 670 4551 εἷς
734 4485 975 4558 Μῆλον,
1037 4478 1113 4545 V.
1169 4478 1227 4544 1.
1254 4479 1376 4546 23:
1440 4483 1743 4562 πορθμεῖα
1805 4479 2250 4545 καταπλέοντα
2319 4478 2444 4541 ἀπὸ
2499 4470 2702 4551 ’νήσων
