3351 5463
1326 391 1646 440 xsrm’rs.
2549 369 2680 436 369

288 561 598 642 ἀπέχοντι
648 567 758 636 τῆς
808 559 1043 631 πόλεως
1090 560 1169 631 ὥς
1215 557 1403 624 πέντε
1449 558 1677 638 ςαδια,
1727 557 1869 638 πρὸ
1917 563 2026 630 τῆς
2069 556 2278 638 χώρας
2325 554 2469 621 ὅντε.
2518 553 2681 621 Utar

289 667 519 733 eadem
580 669 973 732 correctione
1032 687 1159 751 qua
1219 687 1581 733 succurrere
1644 669 1909 731 conatus
1970 683 2119 728 sum
2175 662 2375 728 Anab.
2422 660 2472 725 Ι.
2522 660 2586 725 4.
2613 660 2677 740 4,

294 775 521 838 Mnem.
589 771 765 838 1893
828 796 889 859 p.
924 755 975 838 '6
1038 778 1103 838 et
1160 774 1539 838 rescribam:
1606 771 1798 853 πρὸς
1855 779 1964 845 τῆς
2015 769 2220 850 χώρας
2263 766 2408 834 ὅντε.
2479 765 2680 835 Collis

292 884 429 944 erat
473 881 643 945 inter
688 881 913 944 urbem
960 884 1025 944 et
1072 899 1261 965 agros
1310 877 1833 966 Corcyraeorum.

384 983 545 1051 CIV.
616 985 778 1050 Ibid.
826 983 932 1050 VI.
983 983 1045 1050 2.
1075 983 1160 1047 14
1223 986 1455 1070 accipit
1515 984 1864 1069 Iphicrates
1923 982 2150 1068 longas
2192 1001 2386 1047 naves
2432 985 2682 1066 septua-

294 1093 479 1177 ginta
544 1094 613 1155 et
680 1089 1025 1176 pollicetur
1090 1110 1159 1154 se
1227 1109 1295 1154 re
1362 1089 1523 1154 bene
1588 1102 1774 1176 gesta
1833 1113 1880 1151 π
1899 1102 1984 1152 ολ
2005 1087 2151 1159 λὰς
2215 1090 2360 1158 ναῦς
2412 1085 2680 1152 domum

296 1199 649 1261 missurum
710 1215 881 1273 esse;
944 1194 1191 1260 scilicet
1249 1216 1376 1260 non
1438 1195 1692 1260 dubitat
1753 1195 1908 1278 quin
1965 1191 2428 1278 Spartanorum
2483 1191 2681 1258 classe

294 1301 545 1367 devicta
582 1299 923 1387 Corcyraei
964 1303 1175 1386 copias
1215 1320 1363 1365 suas
1403 1321 1551 1364 cum
1586 1299 2082 1364 Atheniensibus
2105 1300 2680 1389 sintconiuncturi.

292 1405 532 1472 Verum
578 1409 693 1490 qui
738 1407 857 1470 hoc
902 1405 1081 1483 vult,
1128 1391 1445 1490 polliceri
1470 1404 1635 1470 solet
1681 1407 2342 1475 πολλαπλασίας
2392 1408 2560 1475 ναῦς.

382 1510 509 1578 CV.
583 1511 748 1577 Ibid.
798 1510 903 1576 VI.
954 1511 1019 1577 2.
1048 1510 1168 1576 36:
1236 1513 1353 1575 τῶν
1415 1510 1636 1590 ἀνδρῶν
1699 1510 2002 1587 συνέβη
2053 1508 2256 1591 ἑκάς-ῳ
2302 1510 2531 1574 τακτὸν
2580 1510 2682 1588 ἅρ-

292 1617 492 1698 rupto„
542 1619 863 1683 ἀποτῖσαι.
914 1616 1081 1698 Quid
1126 1617 1282 1682 haec
1328 1617 1522 1682 verba
1570 1616 1930 1702 significare
1975 1616 2278 1708 debeant,
2327 1636 2456 1680 non
2500 1614 2683 1680 dubi-

292 1729 489 1791 tatur.
576 1725 925 1810 Iphicrates
994 1726 1165 1809 cepit
1231 1744 1465 1790 novem
1528 1725 1824 1788 triremes
1887 1722 2318 1809 Syracusanas
2376 1726 2443 1786 et
2459 1769 2476 1798 ,
2547 1721 2680 1786 solo

293 1832 609 1917 praefecto
650 1836 918 1916 ‘excepto
937 1878 954 1908 ,
1003 1835 1253 1895 certum
1296 1831 1661 1915 praemium
1711 1831 2046 1894 constituit
2087 1831 2274 1895 sociis
2318 1826 2682 1906 navalibus5
2729 1885 2742 1895 .

296 1959 421 2022 quo
497 1935 826 2022 persoluto
895 1938 1335 2021 unusquisque
1406 1956 1473 2000 se
1539 1937 1764 2020 ipsum
1832 1934 2144 2000 redimere
2214 1938 2484 2019 poterat.
2555 1932 2681 1998 Sed

297 2041 624 2110 Graecitas
684 2041 933 2108 laborat
978 2047 1045 2107 et
1089 2063 1319 2127 parum
1368 2041 1734 2126 proficitur„
1771 2042 2023 2106 etiamsi
2069 2041 2306 2105 scribas
2353 2038 2522 2124 quod
2565 2037 2681 2104 alii

295 2147 821 2213 commendarunt
880 2145 1119 2215 ἕκαςον.
1186 2146 1372 2211 Nihil
1428 2147 1898 2230 requireremus
1914 2193 1931 2223 ,
1981 2147 2036 2209 si
2081 2146 2244 2210 forte
2290 2164 2402 2229 pro
2449 2142 2676 2221 συνέβη

294 2254 619 2340 legeretur
665 2255 1069 2332 συνεχώρησε.
1119 2253 1206 2317 At
1250 2253 1447 2316 nimis
1492 2252 1611 2316 hoc
1657 2251 1896 2316 recedit
1941 2252 2019 2316 ab
2066 2250 2301 2315 tradita
2343 2252 2676 2334 scriptura.

297 2357 533 2424 Verum
570 2360 689 2424 hoc
726 2365 823 2424 est
840 2377 856 2437 ;
897 2362 1115 2443 itaque
1156 2378 1385 2443 repone
1426 2378 1869 2444 synonymum
1909 2355 2299 2422 vocabulum
2343 2380 2382 2419 σ
2403 2379 2436 2420 υ
2455 2356 2598 2436 νέφ
2616 2379 2673 2428 η.

384 2459 543 2532 OVI.
613 2463 774 2531 Ibid.
823 2461 929 2528 VI.
982 2461 1041 2527 3.
1075 2463 1108 2526 l
1161 2463 1578 2528 Athenienses
1616 2483 1806 2548 aegre
1844 2462 2131 2528 ferebant
2146 2508 2163 2539 ,
2201 2482 2351 2526 cum
2389 2461 2679 2527 viderent

298 2569 629 2634 Thebanos
690 2569 1103 2649 ςρατεύοντας
1168 2568 1267 2632 ἐπὶ
1330 2570 1551 2646 Φίλους
1619 2567 1922 2648 ἀρχαίους
1987 2577 2064 2648 τῇ
2127 2567 2303 2632 πόλει
2351 2567 2674 2639 Φωκέας

299 2676 399 2740 καὶ
465 2675 1023 2761 πόλεις’πιςοὶς.τ’
1072 2675 1133 2738 ἕν
1177 2675 1261 2754 τῷ
1311 2675 1458 2754 πρὸς
1505 2675 1607 2739 τὸν
1655 2672 2274 2755 βάρβαρον.πολέμῳ
2324 2673 2425 2737 καὶ
2476 2673 2677 2756 φίλοις

302 2782 533 2854 ἑαυτοῖς
582 2780 1027 2862 ἀφανίζοντας.
1077 2781 1201 2862 Qui
1244 2783 1428 2846 novit
1466 2781 1703 2845 horum
1743 2786 2108 2865 temporum
2146 2780 2476 2845 historiam
2490 2819 2512 2857 -,
2551 2800 2680 2844 non

302 2880 675 2952 desiderabit
718 2887 1131 2953 Plataearum
1178 2891 1244 2951 et
1290 2885 1715 2971 Thespiai-um
1760 2886 2051 2963 nomina;
2098 2905 2249 2949 nam
2289 2885 2678 2970 cogitatione

300 2995 515 3059 statim
579 2992 938 3079 supplebit3
1004 2992 1115 3057 sed
1174 3013 1300 3057 non
1361 2994 1573 3079 mag-is
1633 3012 1887 3057 necesse
1933 2996 2068 3057 erat
2113 2990 2540 3057 Phocensium
2590 2991 2682 3055 di·

303 3104 533 3164 sertam
590 3102 985 3165 mentionem
1044 3098 1248 3163 facere
1294 3118 1409 3162 nec
1426 3102 1439 3112 ‘
1456 3100 1611 3163 satis
1660 3097 1988 3183 eleganter
2031 3095 2324 3161 additum
2369 3101 2466 3161 est
2509 3094 2677 3161 illud

306 3206 565 3278 Φωκέας.
630 3204 757 3270 Hic
816 3204 1032 3271 locum
1078 3204 1431 3271 adscribere
1473 3206 1691 3281 iuvat,
1741 3204 1855 3268 ubi
1902 3205 2216 3268 contrario
2263 3223 2469 3268 errore
2514 3201 2678 3267 Pho-

306 3312 579 3375 censium
638 3332 871 3377 nomen
931 3312 1141 3396 periit.
1202 3305 1438 3376 Scribit
1484 3307 1872 3373 Plutarchus
1917 3308 1993 3373 de
2039 3307 2321 3373 Fortuna
2364 3307 2678 3373 Romano-

307 3434 442 3478 rum
502 3439 565 3502 p.
616 3414 860 3482 32413:
912 3417 939 3480 ὂ
996 3416 1308 3491 Ῥωμαίων
1356 3412 1869 3492 μέγαςδαίμων,
1915 3415 2161 3498 inquit,
2209 3412 2316 3477 οὐκ
2365 3412 2671 3493 ἐφήμερος

310 3520 574 3593 πλεύσας
638 3520 1028 3613 οὐδὲ-καιρὸν
1074 3521 1383 3597 ἀκμάσας
1433 3518 1687 3600 βραχὺν
1733 3521 1810 3591 ὡς
1859 3519 1886 3583 ὃ
1936 3516 2323 3595 Μακεδόνων,
2373 3518 2493 3583 οὐδ’
2540 3517 2676 3582 ε’νοὶ-

310 3637 421 3696 λιος
482 3628 555 3697 ὥς
620 3628 647 3691 ὁ
700 3626 1051 3705 Ἀθηναίων,
1117 3625 1250 3690 οὐδὲ
1315 3626 1429 3705 ὀψὲ
1494 3625 1746 3698 κινηθεὶς
1797 3616 1873 3695 ὥς
1924 3624 1951 3688 ὃ
2003 3624 2263 3703 Περσῶν,
2314 3622 2444 3688 οὐδὲ
2492 3623 2668 3703 ταχὺ

190 3716 195 3722 ⁴
314 3731 690 3809 παυσάμενος
750 3736 845 3804 ὥς·
893 3733 920 3797 ὃ
987 3732 1528 3813 Κολοφωνίων.
1593 3730 2126 3817 wyttenbachius
2188 3728 2554 3794 dissimulat
2607 3750 2674 3795 se

312 3831 511 3899 locum
554 3859 677 3903 non
720 3838 1115 3924 intellegere.
1168 3836 1401 3915 „Hunc
1442 3842 1750 3921 tanquam
1788 3837 2312 3920 antiquissimum
2328 3834 2390 3913 ,'’
2431 3837 2671 3919 inquit,

323 3942 561 4013 „tamen
620 3948 693 4007 ut
753 3946 1103 4009 minimum
1162 3946 1231 4007 in
1294 3942 1415 4007 fine
1460 3942 1711 4007 adiecit.
1773 3941 1905 4007 Nec
1950 3960 2100 4007 sane
2146 3944 2214 4005 in
2260 3940 2676 4027 scriptoribus

321 4040 429 4107 hoc
464 4046 801 4130 imperium
847 4048 1033 4115 valde
1072 4047 1493 4115 celebratur-‚³³
1537 4047 1786 4133 Nempe
1821 4050 2163 4112 immemor
2201 4047 2328 4111 fuit
2362 4045 2676 4132 Polyaeni

322 4143 449 4211 VII.
495 4149 553 4213 2.
580 4150 619 4215 2
679 4159 740 4218 et
787 4157 1051 4221 unicum
1098 4157 1285 4223 novit
1331 4154 1583 4231 locum,
1635 4156 1747 4238 qui
1790 4153 2034 4241 legitur
2077 4153 2246 4237 apud
2293 4151 2673 4217 Strabonem

322 4248 462 4314 XIV
503 4275 561 4337 p.
610 4256 757 4335 643,
811 4263 924 4345 qui
970 4267 1186 4326 narrat
1232 4260 1389 4325 olim
1434 4262 1604 4324 inter
1651 4258 1894 4325 accolas
1942 4258 2431 4323 celeberrimum
2478 4258 2674 4323 fuisse

326 4350 835 4439 Colophoniorum
883 4370 1244 4452 equitatum
1262 4414 1279 4444 ,
1330 4365 1496 4430 unde
1544 4368 1741 4430 etiam
1786 4365 2019 4449 repetit
2064 4364 2379 4449 originem
2422 4384 2677 4449 prover-⁸

320 4454 405 4520 bii
448 4463 569 4541 περὶ
620 4472 720 4532 τοῦ
769 4471 869 4536 τὸν
916 4478 1236 4555 κολοφῶνα
1284 4472 1597 4539 ἐπιθεῖναι.
1647 4470 1857 4537 Sentit
1901 4472 2340 4557 unusquisque
2387 4468 2672 4536 fabulam
