3351 5463
634 383 765 449 342
1577 401 2074 450 nms'rornmns.

635 565 929 646 δράματα
978 569 1083 629 τοῦ
1133 565 1475 643 Αἰσχύλου.
1526 563 1655 629 ἔστι
1705 566 1780 630 δὲ.
1814 570 1991 631 τοῦτο
2040 565 2110 631 τὸ
2149 563 2290 638 ἔπος
2333 567 2678 645 Αἰσχύλου.
2728 567 3018 648 Quorum

629 693 773 757 pars
834 673 1144 755 posterior
1191 671 1366 736 deest
1410 674 1480 735 in
1526 671 1583 736 R
1600 720 1615 748 ‚
1666 692 1871 756 neque
1921 692 2180 736 sensum
2227 674 2317 736 sic
2363 673 2622 757 praebet
2668 673 2975 739 idoneum
2995 723 3012 752 ‚

628 797 963 862 perperam
1002 781 1220 841 autem
1257 776 1579 842 Fritzsche
1617 777 1766 840 inde
1797 776 2107 842 efficiebat
2129 777 2301 842 hunc
2325 798 2584 843 versum
2608 800 2686 842 ex
2708 779 3016 865 Aeschyli

627 881 843 947 fabula
906 881 1292 952 Ἐλευσινίοις
1362 902 1496 946 esse
1560 882 1955 947 desumtum.
2025 883 2170 947 Non
2216 887 2434 948 tamen
2480 884 2856 969 corrigenda
2903 884 3032 949 sed

629 993 773 1072 apte
834 987 1286 1073 distinguenda
1348 991 1498 1051 sunt
1559 987 1752 1052 verba
1799 987 2071 1052 tradita:
2122 993 2265 1072 post
2313 989 2507 1054 verba
2553 987 2586 1062 ἢ
2638 985 2730 1072 ὅτι
2778 989 2840 1051 ἓν
2888 997 3012 1060 τοῖς

626 1094 1017 1164 Ἐλευσινίοις
1084 1094 1354 1157 ἐτελεῖτο
1418 1092 1754 1157 claudatur
1813 1095 2294 1158 enunciatumz,
2330 1099 2436 1156 aut
2498 1095 2660 1178 quod
2701 1094 3012 1158 eleusiniis

627 1199 926 1283 mysteriis
992 1197 1279 1262 initiatus
1349 1205 1517 1262 esset.
1589 1197 1754 1263 Dein
1816 1199 1982 1284 quod
2045 1199 2336 1283 sequitur
2394 1199 2478 1262 τὰ
2541 1197 2840 1276 δράματα
2904 1205 3010 1264 τοῦ

630 1305 952 1386 Αἰσχύλου
1013 1303 1191 1368 aliud
1256 1306 1353 1368 est
1418 1301 1736 1381 scholion,
1783 1324 1930 1388 ‚quo
1980 1324 2107 1368 vox
2154 1306 2402 1389 poetica
2450 1304 2558 1377 τὴν
2609 1305 2763 1380 ἐμὴν
2810 1304 3008 1386 φρένα

627 1409 1013 1474 illustratur.
1085 1407 1375 1493 Denique
1443 1410 1513 1472 in
1572 1410 1766 1473 tertia
1824 1408 2347 1473 annotatiuncula
2411 1406 2540 1472 ἔστι
2607 1407 2669 1472 δὲ
2715 1413 2895 1474 τοῦτο
2943 1409 3011 1473 τὸ

629 1514 770 1585 ἔπος
863 1513 1184 1593 Αἰσχύλου
1258 1513 1631 1580 observatur
1698 1513 2095 1600 Aeschylum
2163 1520 2316 1593 (non
2384 1513 2795 1599 Euripidem)
2863 1515 3017 1580 haec

632 1621 837 1686 dicere
883 1621 1052 1706 apud
1100 1622 1438 1684 comicum.

718 1839 820 1904 Ad
866 1860 962 1904 vs.
1012 1837 1143 1904 888
1170 1857 1305 1923 sqq.

814 1944 1030 2027 Euo-ip.
2268 1951 2509 2018 καλῶς·

1080 2047 1265 2130 ἕτεροι
1311 2052 1439 2128 γοίρ
1486 2051 1637 2113 εἰσιν
1683 2045 1833 2113 οἶσιν
1880 2049 2154 2129 εὔχομαι
2205 2052 2378 2121 θεοῖς.

808 2157 990 2221 Dion.
1062 2154 1201 2220 ἴδιοί
1247 2179 1405 2225 τινες
1457 2157 1583 2237 σοί,
1636 2154 1857 2232 κόμμα
1909 2155 2143 2233 καινόν;
2195 2157 2347 2220 Eur.
2398 2157 2502 2219 καί
2553 2156 2760 2232 μάλα.

807 2265 993 2327 Dion.
1065 2262 1141 2325 ἴθι
1187 2284 1286 2325 νυν
1332 2260 1675 2339 προσεύχου
1721 2269 1910 2325 τοῖσιν
1956 2261 2222 2331 ἰδιώταις
2270 2263 2441 2332 θεοῖς.

625 2369 817 2454 Apud
860 2366 1261 2434 Dindorfium
1308 2364 1629 2442 scholion,
1674 2386 1798 2451 quo
1844 2373 2014 2430 caret
2052 2364 2130 2443 R,
2173 2368 2391 2431 versui
2433 2365 2562 2432 891
2613 2367 3009 2452 adscriptum

625 2474 904 2560 legitur:
968 2481 1154 2536 τοῖσιν
1219 2470 1483 2544 ἰδιώταις
1514 2465 1738 2542 ’θεοῖςτ
1801 2471 1978 2540 Τινὲς
2043 2473 2105 2534 ἐν
2152 2473 2235 2550 τῷ
2287 2471 2525 2548 ,,θεοῖς”
2575 2471 2674 2536 δύο
2723 2471 3010 2550 τιθέασιν,

626 2579 721 2644 ἵνα
787 2571 847 2641 ἓν
912 2575 947 2657 ᾖ
1011 2578 1079 2641 τὸ
1146 2575 1323 2654 υἴδιοί
1384 2601 1539 2646 τινες
1591 2597 1680 2639 σοι
1729 2575 1950 2653 κόμμα
1999 2577 2222 2642 καινόν.
2271 2575 2396 2642 Sed
2442 2579 2718 2661 pertinet
2764 2577 2884 2642 hoc
2933 2578 3012 2643 ad

626 2705 885 2751 versum
926 2681 1079 2761 889,
1122 2685 1235 2768 qui
1271 2685 1431 2747 item
1455 2683 1523 2746 in
1547 2701 1772 2748 vocem
1800 2683 1947 2754 θεοῖς
1973 2682 2228 2747 desinit.
2270 2681 2446 2747 Dicit
2469 2684 2645 2748 enim
2669 2682 3013 2749 scholiasta

625 2793 821 2856 fuisse
885 2792 997 2875 qui
1058 2792 1127 2852 in
1189 2789 1311 2853 fine
1372 2808 1595 2853 versus
1659 2786 1790 2853 889
1845 2788 2221 2853 clauderent
2268 2789 2464 2854 verba
2507 2788 2833 2873 Euripidis
2852 2838 2868 2867 ,
2918 2792 3012 2855 ita

623 2900 831 2981 igitur
891 2895 1108 2960 locum
1170 2893 1641 2978 distinguentes
1705 2898 1780 2956 ut
1839 2894 2030 2959 hodie
2091 2914 2340 2979 quoque
2395 2892 2559 2959 solet
2605 2893 2763 2958 fieri.
2827 2895 3011 2959 Unde

624 3005 884 3087 apparet
930 2999 1084 3065 alios
1133 2998 1291 3063 olim
1335 2997 1635 3082 Euripidi
1681 2998 1981 3063 tribuisse
2029 2999 2226 3065 verba
2272 2994 2455 3077 ἕτεροι
2505 2997 2631 3078 γοίρ
2673 2999 2820 3063 εἰσιν
2861 2993 3010 3064 οἶσιν

624 3106 896 3190 εὔχομαι
945 3109 1094 3180 θεοῖς
1144 3105 1276 3188 (vel
1326 3105 1467 3186 θεοὶ)
1515 3102 1652 3169 ἴδιοί
1697 3126 1893 3183 τινες,
1934 3110 1998 3171 et
2035 3104 2323 3191 Dionyso
2363 3108 2469 3169 σοῦ
2510 3103 2729 3183 κόμμα
2773 3106 3006 3183 καινόν;

713 3328 814 3392 Ad
885 3348 981 3393 vs.
1046 3323 1199 3392 970.
1268 3324 1560 3390 Primam
1632 3343 1902 3409 eamque
1970 3318 2164 3408 longe
2235 3322 2688 3408 gravissimam
2754 3326 3008 3407 partem

623 3432 849 3500 scholii
926 3432 1006 3498 ad
1081 3432 1297 3497 locum
1358 3430 1680 3497 difficilem
1741 3431 2120 3515 pertinentis
2180 3448 2353 3492 more
2417 3447 2535 3492 suo
2597 3428 2844 3492 omittit
2906 3426 3001 3506 R;

624 3543 775 3606 sunt
834 3539 986 3603 haec
1047 3539 1271 3603 verba:
1331 3540 1394 3603 οὐ
1444 3545 1581 3609 Χῖος
1632 3536 1811 3601 ἀλλὰ
1858 3539 2121 3615 Κ(ε)ῖος;
2171 3530 2262 3599 δ’τι
2314 3534 2481 3598 δοκεῖ
2522 3532 3003 3614 (Theramenes)

623 3643 1145 3725 προσγεγράφθαι
1229 3652 1307 3723 τῇ
1378 3644 1699 3724 πολιτεία,
1769 3638 2078 3717 Ἀγνωνος
2147 3638 2332 3702 αὐτὸν
2402 3634 2851 3715 ποιησαμένου,
2922 3640 3001 3709 ὥς

620 3750 891 3819 Εὔπολις
952 3750 1235 3813 Πόλεσιν.
1300 3749 1710 3826 Ἀρίσταρχος
1780 3743 1881 3828 δέ,
1949 3747 2025 3817 ὦς
2074 3742 2520 3823 γεγραμμένου
2573 3741 2822 3824 ,,Κῷος”
2875 3740 3007 3817 ἑξκ-

620 3863 869 3933 γεῖται·
934 3853 1025 3918 δ’τι
1094 3854 1235 3931 πρὸς
1300 3852 1368 3915 τὸ
1435 3852 1686 3932 ,,Κῷος”
1748 3850 2061 3927 εἰσήγαγε
2121 3850 2189 3914 τὸ
2257 3849 2509 3928 ,,Χῖος”.
2575 3849 2680 3913 τὸν
2727 3848 2852 3928 γὰρ
2899 3850 3007 3913 τὸν

622 3962 1025 4039 ἀντίστροφον
1086 3960 1169 4038 τῷ
1240 3957 1446 4037 ,,Χίῳ”
1498 3957 1820 4034 λέγεσθαι.
1870 3955 2120 4021 Ultima
2163 3961 2490 4040 nequeunt
2539 3952 2831 4038 intellegi
2878 3955 3006 4017 nisi

621 4066 883 4131 voculas
947 4063 1049 4127 τὸν
1113 4063 1237 4140 γὰρ
1302 4062 1403 4126 τὸν
1446 4064 1516 4128 in
1562 4067 1742 4126 τοῦτο
1790 4062 1916 4138 γὰρ
1967 4067 2199 4126 mutes.
2247 4061 2634 4125 Pronomine
2680 4063 2855 4123 τοῦτο
2903 4056 3007 4123 de-

623 4174 917 4257 signatur
961 4168 1029 4232 id
1077 4167 1243 4253 quod
1291 4166 1701 4231 Aristarchus
1744 4165 2001 4252 legebat
2049 4169 2233 4246 Κῷος.

714 4387 815 4452 Ad
853 4406 948 4453 vs.
994 4384 1191 4450 1212.
1241 4385 1562 4451 Adiectivi
1598 4384 1833 4469 poetici
1873 4382 2188 4454 καθαπτὸς
2229 4382 2480 4447 indutus·
2519 4386 2760 4447 essetne
2791 4382 3006 4465 prima
3041 4354 3047 4359 .

625 4513 703 4557 an
763 4492 995 4559 ultima
1057 4490 1303 4577 syllaba
1348 4490 1628 4557 acuenda
1674 4488 2049 4555 dubitabant
2094 4490 2507 4575 grammatici
2552 4493 2713 4553 teste
2757 4485 3004 4553 scholio
