3351 5463
1450 955 1567 1029 AD

598 1120 1183 1211 sAMUELEM
1242 1082 1826 1211 ADRIANUM
1887 1119 2411 1211 NABERUM

434 1300 607 1367 DIEM
666 1302 798 1369 QUO
866 1302 1044 1367 ANTE
1111 1303 1327 1367 ANNos
1394 1302 1531 1369 XXV
1592 1303 1828 1368 MUNUS
1899 1302 2350 1369 AGADEMICUM
2411 1300 2581 1367 INIIT

1096 1414 1321 1479 LAETE
1380 1413 1886 1479 CELEBRANTEM

965 1552 1067 1618 DE
1109 1553 1759 1622 ARISTOPHANIS
1804 1554 2064 1621 RAMs

1176 1695 1517 1762 ErlsruLA
1554 1674 1847 1763 cm‘rch.

1394 1875 1644 1916 SORIPSIT

959 2023 1018 2089 J.
1082 2023 1289 2089 vAN
1350 2025 1866 2092 LEEUWEN
1925 2026 2068 2092 Μ.

1292 2202 1726 2313 *ae-‘v

404 2475 570 2541 Vide
638 2496 835 2560 quam
901 2476 1160 2564 fugaces
1221 2478 1519 2547 labantur
1578 2483 1765 2557 anni,
1834 2483 1937 2545 vir
1998 2478 2348 2545 clarissime
2369 2527 2385 2556 ,
2459 2477 2705 2564 collega

313 2579 846 2649 honoratissime!
912 2582 1228 2662 Quartane
1292 2584 1528 2651 saeculi
1587 2606 1732 2670 pars
1794 2588 2122 2670 praeteriit
2182 2606 2261 2649 ex
2326 2605 2451 2669 quo
2520 2590 2592 2647 tu
2636 2586 2706 2647 in

313 2688 649 2754 Athenaeo
699 2725 783 2736 -
832 2709 981 2753 mox
1044 2692 1111 2754 in
1163 2691 1506 2756 Academia
1553 2728 1637 2740 —-
1688 2691 2303 2758 Amstelaedamensi
2350 2688 2706 2756 studiosam

311 2797 732 2859 iuventutem
806 2794 1113 2859 bonarum
1172 2796 1540 2862 litterarum
1610 2818 1825 2862 amore
1901 2799 2190 2862 imbuere
2265 2792 2572 2880 coepisti?
2604 2795 2610 2801 ’
2645 2792 2707 2856 Is

311 2903 428 2986 qui
502 2905 650 2964 ante
718 2905 782 2964 te
844 2903 1307 2986 gravissimum
1366 2901 1535 2967 illud
1596 2925 1833 2969 munus
1897 2896 2240 2979 sustinuit,
2314 2901 2706 2966 clarissimus

310 3005 617 3083 Bootius,
677 3008 1046 3071 etiamnunc
1091 3009 1259 3072 inter
1304 3029 1419 3073 nos
1463 3011 1691 3074 vivens
1735 3012 2087 3095 vigensque
2134 3007 2452 3092 hilarique
2502 3027 2710 3072 senec-

315 3116 465 3176 tute
527 3111 743 3175 fruens
802 3119 1129 3190 versatur3
1183 3149 1267 3161 —-
1315 3120 1389 3178 tu
1434 3117 1572 3198 ipse
1616 3136 1730 3200 per
1777 3135 1973 3180 annos
2019 3115 2252 3198 quibus
2298 3118 2444 3177 ante
2491 3111 2708 3177 oculos

315 3223 573 3282 nostros
614 3223 678 3281 te
717 3217 1063 3282 habuimus
1101 3221 1211 3284 vix
1253 3223 1459 3285 senior
1495 3221 1697 3285 factus
1735 3222 1915 3285 nobis
1955 3221 2226 3294 videris,
2271 3255 2356 3267 -
2399 3223 2462 3282 et
2495 3223 2711 3282 tamen

316 3325 607 3408 quinque
647 3322 1076 3408 praeterlapsa
1115 3330 1265 3389 sunt
1301 3325 1508 3390 lustra
1546 3331 1692 3410 post
1733 3325 1904 3390 diem
1942 3347 2066 3410 quo
2106 3323 2471 3388 cathedram
2499 3322 2706 3401 illam,

314 3430 581 3514 magnis
618 3430 985 3493 nominibus
1023 3427 1534 3496 illustrissimam
1552 3479 1569 3508 ,
1612 3435 1902 3516 primum
1928 3437 2001 3495 tu
2027 3429 2450 3496 conscendisti
2474 3435 2711 3512 tuaque

318 3533 684 3600 eruditione
700 3581 717 3611 ,
782 3542 895 3598 tuo
958 3536 1217 3619 ingenio
1234 3583 1251 3612 ,
1316 3539 1429 3600 tua
1491 3535 1811 3622 elegantia
1869 3536 2288 3600 illustriorem
2335 3536 2534 3599 etiam
2579 3533 2715 3598 red-

320 3639 569 3702 didisti.
628 3638 896 3704 Utinam
960 3639 1072 3704 diu
1134 3643 1333 3705 etiam
1385 3662 1614 3728 pergas
1660 3663 1848 3708 sanae
1896 3645 2133 3708 mentis
2182 3647 2517 3727 praecepta
2563 3641 2713 3706 dare

316 3743 659 3829 discipulis
690 3779 695 3784 ·
722 3748 834 3830 qui
896 3745 1115 3811 colunt
1176 3751 1239 3812 te
1302 3753 1493 3832 atque
1556 3751 1918 3833 suspiciunt
1935 3770 1951 3826 ;
2005 3769 2108 3812 me
2165 3767 2414 3832 quoque
2460 3749 2713 3812 utinam

320 3871 545 3917 amare
591 3872 855 3937 pergas,
903 3855 1017 3937 qui
1061 3852 1447 3918 benevolum
1492 3859 1687 3919 tuum
1735 3857 2026 3920 animum
2065 3858 2130 3918 et
2167 3854 2418 3918 iuvenis
2457 3855 2718 3938 imperi—

318 3963 435 4022 tus
478 3955 634 4022 olim
676 3962 973 4042 expertus
1014 3978 1158 4021 sum
1200 3959 1454 4041 saepius
1494 3965 1560 4023 et
1598 3962 1967 4024 etiamnunc
2007 3961 2294 4042 experior
2319 3959 2570 4041 quoties
2595 3955 2718 4021 col-

318 4062 551 4147 legam
587 4063 1185 4125 aestimatissimum
1224 4066 1286 4126 te
1332 4062 1484 4128 adeo
1524 4069 1597 4128 ut
1638 4065 1879 4128 bonum
1920 4061 2259 4128 consilium
2295 4083 2334 4126 a
2373 4068 2436 4126 te
2461 4068 2678 4147 petam
2698 4109 2713 4139 ‚

321 4188 445 4231 nec
491 4167 617 4229 nisi
662 4164 815 4229 talia
860 4167 1025 4231 mihi
1072 4165 1335 4231 consilia
1382 4169 1736 4252 praebuisti
1782 4189 2086 4253 unquam.

416 4270 804 4335 Devinctam
850 4277 1069 4335 autem
1116 4276 1401 4336 mentem
1447 4295 1598 4337 cum
1644 4273 2001 4339 laetissima
2044 4273 2164 4337 hac
2211 4273 2531 4337 occasione
2578 4292 2718 4335 mu-

320 4373 601 4440 nusculo
648 4374 864 4460 aliquo
912 4379 1135 4441 testari
1176 4378 1297 4442 tibi
1346 4377 1584 4444 vellem
1602 4429 1619 4458 ‚
1667 4402 1791 4444 non
1836 4379 2242 4444 inveniebam
2289 4378 2458 4462 quod
2496 4376 2716 4441 oblatu

320 4484 487 4548 satis
512 4481 785 4566 dignum
810 4487 993 4548 esset.
1026 4481 1310 4548 Tandem
1334 4484 1507 4570 quod
1530 4486 2087 4570 simplicissimum
2112 4490 2246 4548 erat
2271 4484 2596 4567 optimum
2620 4487 2717 4546 est
