3351 5463
742 373 827 420 m
874 371 1125 420 10110011
1164 371 1407 419 11111018
1452 371 1776 420 0011171011
1817 369 2278 422 eumenum.
2567 351 2698 416 441

302 537 478 602 seire
522 537 856 602 didicisset.
905 535 1234 601 Wowerus
1278 539 1425 619 post
1460 533 1760 598 universis
1793 538 1962 599 reete
2003 533 2247 600 addidit
2283 556 2364 611 ee,
2404 532 2706 598 Ouzelius

308 645 659 726 prae-§emit
702 645 772 707 in
797 643 1103 725 persensit
1139 643 1423 706 mutavit
1441 689 1457 718 ,
1500 640 1927 706 Baehrensius
1968 639 2199 706 edidit:
2242 642 2430 724 quode
2467 639 2705 704 oraculo

308 749 483 813 idem
526 749 654 832 ipse
686 749 1009 831 persensit.
1046 746 1220 812 Mihi
1257 767 1407 811 eum
1444 745 1706 810 Eldikio
1743 747 1813 809 in
1853 744 2307 830 Suspicionum
2348 743 2708 830 Specimine

310 877 385 940 p.
442 853 523 918 51
574 853 1026 941 corrigendum
1072 852 1362 918 videtur:
1427 875 1540 937 quo
1588 851 1832 914 oraculo
1879 850 2011 932 ipse
2044 873 2204 932 prae
2248 872 2310 914 se
2356 851 2502 914 babit
2519 899 2535 928 ,
2585 851 2710 914 nisi

315 959 498 1046 quod
556 982 681 1025 non
740 959 1091 1025 dele-verim
1136 959 1291 1022 idem
1309 1006 1325 1036 ‚
1376 957 1483 1023 sed
1527 959 1597 1021 in
1639 957 1712 1020 id
1756 959 2169 1021 mutaverim.
2233 954 2482 1021 Multos
2528 975 2710 1020 casus

311 1068 779 1152 pronominum
823 1066 879 1128 ie
927 1070 991 1130 et
1037 1065 1193 1128 idem
1238 1084 1423 1148 saepe
1464 1063 1825 1148 permutari
1861 1063 2116 1126 monuit
2153 1059 2706 1126 Drakenborchius

312 1171 403 1238 ad
450 1171 627 1238 Livii
668 1171 754 1236 X.
811 1171 915 1248 10,
945 1170 1007 1235 6.

419 1392 471 1436 0.
524 1369 629 1450 17,
656 1371 721 1437 2.
783 1393 890 1436 noe
956 1407 1041 1420 -
1104 1371 1384 1452 iquorem-e
1452 1393 1559 1434 neo
1610 1370 1736 1456 fas
1803 1392 1909 1434 neo
1969 1369 2111 1434 ἄορι
2167 1368 2526 1450 inyerentem
2583 1387 2708 1432 8686

314 1477 517 1542 oculis
580 1484 638 1542 et
694 1479 960 1541 sensibus
1022 1477 1243 1558 nostris
1306 1477 1609 1540 caelestem
1670 1476 2025 1540 claritatem.
2074 1473 2336 1562 Corrige
2382 1473 2550 1540 nobis
2567 1521 2584 1551 ‚
2633 1479 2712 1540 ut

318 1588 427 1648 est
470 1585 540 1647 in
587 1605 639 1648 0.
695 1582 782 1647 30
828 1583 995 1646 nobie
1043 1582 1425 1646 homicidium
1470 1605 1575 1645 nec
1619 1582 1823 1646 videre
1852 1582 1979 1667 fae
2023 1604 2130 1646 neo
2173 1581 2406 1645 audire.
2453 1579 2549 1644 Eo
2593 1581 2711 1644 mi-

312 1709 447 1753 nus
493 1688 599 1753 hie
647 1691 1049 1755 aecusativus
1096 1687 1425 1765 ferendus,
1476 1687 1644 1773 quod
1688 1687 1947 1752 additur
1991 1711 2096 1751 nec
2143 1687 2303 1751 bicet.

420 1906 657 1972 ibidem
724 1903 787 1971 5.
851 1905 1079 1970 caelum
1136 1905 1331 1988 ipsum
1372 1907 1509 1968 vide
1554 1927 1729 1991 quam
1779 1905 1901 1968 late
1947 1905 2232 1982 tenditur,
2279 1927 2453 1990 quam
2499 1903 2715 1986 rapide

325 2011 619 2090 volvitur,
683 2011 777 2075 vel
834 2014 993 2096 quod
1049 2012 1116 2075 in
1162 2019 1387 2076 noctem
1430 2013 1613 2076 astris
1660 2011 2060 2092 distinquitur
2105 2009 2204 2073 vel
2245 2012 2405 2094 quod
2447 2010 2515 2072 in
2560 2010 2715 2073 diem

323 2117 460 2181 sole
542 2117 857 2182 miratur.
946 2115 1333 2182 Soloeeismo
1416 2116 1728 2182 liberatur
1803 2116 2132 2182 Minucius
2199 2115 2413 2180 verbis
2481 2113 2714 2179 melius

326 2223 655 2287 distinctis
718 2227 782 2287 et
842 2225 1001 2308 quod
1058 2223 1157 2287 bis
1217 2227 1530 2288 correcto:
1595 2223 1822 2286 caelum
1883 2223 2078 2304 ipsum
2137 2220 2310 2284 vide.-
2372 2243 2544 2305 quam
2594 2219 2718 2284 late

322 2328 620 2406 tenditur,
674 2351 848 2412 quam
894 2329 1112 2411 rapide
1157 2328 1439 2406 volvitur,
1487 2328 1585 2392 vel
1627 2335 1768 2412 quot
1808 2327 1877 2390 in
1915 2334 2136 2392 noctem
2175 2327 2360 2390 astris
2396 2325 2718 2406 distinqui-

317 2441 449 2511 ίαν,
491 2434 590 2496 vel
622 2456 735 2517 quo
774 2433 842 2496 in
881 2434 1036 2502 diem
1074 2433 1197 2498 sole
1236 2435 1553 2498 busti-atur.
1594 2432 1720 2512 Qui
1735 2433 1998 2498 'librum
2035 2433 2400 2497 Parisinum
2440 2433 2713 2517 scripsit,

325 2540 536 2604 etiam
581 2541 650 2604 in
697 2560 749 2605 0.
802 2539 909 2618 22,
939 2539 977 2604 6
1027 2544 1091 2605 et
1138 2539 1247 2618 25,
1276 2538 1315 2603 6
1364 2542 1523 2625 quod
1567 2540 1854 2605 exaravit
1899 2559 2014 2624 pro
2061 2545 2219 2624 quot.

421 2779 474 2823 0.
528 2756 631 2837 18,
662 2758 769 2825 11.
826 2759 977 2844 quid
1034 2762 1195 2844 quod
1257 2760 1511 2823 omniwm
1558 2762 1632 2823 de
1680 2782 1743 2824 eo
1789 2760 1970 2824 habeo
2018 2754 2409 2823 ‹tou-sensum?
2452 2753 2538 2821 Et
2582 2755 2704 2821 hoo

310 2863 463 2929 1000
525 2869 589 2929 et
650 2867 719 2929 in
781 2886 834 2929 0.
898 2864 1005 2938 20,
1032 2866 1074 2929 2
1136 2888 1264 2931 11011
1326 2888 1683 2944 consensum,
1745 2866 1856 2932 sed
1913 2872 2248 2930 concentum
2308 2862 2718 2930 scribendum

311 2969 604 3036 videtur.
675 2970 1005 3048 Minucius
1074 2970 1239 3036 solet
1307 2992 1534 3037 vocare
1603 2971 2054 3043 consensionem.
2128 2971 2260 3037 vid.
2331 2969 2394 3049 8,
2428 2970 2486 3033 1.
2561 2968 2621 3047 9,
2653 2969 2712 3033 1.

322 3074 439 3153 11,
470 3074 531 3139 3.
576 3073 680 3154 19,
726 3075 811 3153 5.,
854 3081 918 3140 et
956 3074 1201 3142 librarii
1246 3097 1430 3161 saepe
1471 3092 1585 3162 pro
1624 3084 1906 3141 concentu
1945 3079 2332 3161 seripserunt
2356 3097 2712 3169 consensum,

316 3185 406 3245 ut
449 3182 518 3244 in
564 3180 800 3266 Apulei
847 3181 1012 3247 libro
1060 3182 1135 3246 de
1182 3182 1422 3247 mundo
1473 3182 1546 3247 Τ.
1593 3181 1655 3247 11
1702 3203 1764 3266 p.
1815 3180 1945 3246 334
1995 3186 2059 3245 et
2107 3179 2238 3245 336
2287 3179 2382 3244 011.
2423 3177 2709 3243 0111101111.

421 3420 475 3463 0.
528 3397 630 3477 19,
662 3396 722 3481 ’7.
786 3406 986 3471 notum
1047 3406 1132 3463 est
1182 3436 1267 3448 --
1314 3398 1708 3482 Speusippum
1769 3397 1887 3461 vim
1933 3396 2322 3480 [naturalem]
2371 3395 2706 3482 animaiem,

316 3528 447 3591 qua
492 3505 687 3568 omnia
733 3512 1038 3585 reqantur,
1086 3506 1280 3569 Deum
1323 3527 1510 3570 nosse.
1560 3504 1754 3570 Recte
1799 3503 2070 3569 editores
2117 3502 2458 3569 Davisium
2503 3504 2708 3567 secuti

318 3616 481 3677 sunt
539 3633 676 3677 700.
741 3610 1077 3675 naturalem
1132 3632 1167 3676 e
1212 3613 1537 3696 superiore
1582 3632 1774 3676 versu
1822 3630 2027 3675 errore
2065 3609 2311 3675 librarii
2357 3610 2707 3693 repetitum

316 3722 822 3803 expungentem.
872 3716 999 3782 Sed
1042 3717 1424 3782 mendosum
1471 3722 1567 3782 est
1611 3717 1884 3782 verbum
1931 3738 2116 3780 nosse.
2164 3715 2309 3780 Dici
2355 3715 2541 3780 debet
2585 3734 2712 3780 non

320 3822 484 3910 quid
529 3822 924 3908 Speusippus
973 3825 1223 3888 noverit
1241 3871 1257 3901 ‚
1306 3823 1432 3906 sed¹
1463 3822 1619 3908 quid
1665 3823 1968 3888 docuerit.
2016 3821 2250 3915 Veram
2294 3826 2451 3906 puto
2502 3841 2713 3885 emen-

319 3928 652 3995 dationem
668 3977 685 4007 ,
745 3950 940 4014 quam
1000 3931 1220 3995 inveni
1266 3930 1335 3993 in
1381 3928 1607 3997 Herm.
1655 3926 2101 4016 Gannegieteri
2146 3926 2710 3994 Observationibus

317 4036 489 4101 iuris
532 4035 805 4101 Romani
851 4034 966 4100 IH.
1020 4035 1105 4101 10
1140 4036 1438 4118 posuisse.

415 4261 470 4305 0.
520 4240 630 4318 22,
661 4237 720 4306 ’7.
785 4237 1049 4321 Eriqone
1106 4261 1412 4321 suspensa,
1454 4238 1529 4303 de
1576 4205 1787 4326 laqueo
1836 4246 1922 4304 est
1937 4285 1956 4318 ,
2003 4245 2072 4303 ut
2117 4237 2283 4319 viryo
2331 4238 2491 4303 inter
2539 4240 2708 4303 astra

316 4345 521 4427 iynita
566 4344 670 4410 sit.
720 4344 1142 4411 Scribendum
1188 4351 1284 4410 est
1336 4346 1395 4409 V
1386 4345 1515 4425 iryo
1560 4344 1750 4411 litera
1793 4344 2030 4410 initiali
2075 4346 2316 4410 maiore
2334 4394 2350 4423 ,
2402 4349 2478 4409 ut
2525 4365 2715 4430 appa·-

316 4458 460 4519 reat
499 4473 633 4517 esse
670 4474 901 4518 nomen
940 4452 1198 4530 sideris,
1243 4453 1320 4517 of.
1360 4451 1551 4538 Verg.
1592 4452 1728 4518 Eol.
1772 4452 1878 4518 IV.
1923 4453 1984 4518 6.
2026 4452 2213 4520 Ovid.
2252 4450 2415 4537 Met.
2460 4452 2512 4519 I.
2556 4452 2706 4519 149.
