3351 5463
1399 340 1630 388 Livius.
2662 320 2699 388 7

409 525 466 569 c.
517 503 627 569 44.
656 503 717 568 8.
771 505 1197 591 Principeoque
1243 557 1258 572 .
1289 554 1303 570 .
1332 557 1346 573 .
1396 508 1687 570 Etruriae
1729 557 1742 573 .
1773 555 1786 570 .
1819 557 1832 572 .
1866 509 2219 592 fremebant
2258 515 2532 571 aeternae
2569 531 2706 592 opes

319 633 446 674 esee
493 611 798 674 Romanae
817 660 832 688 ‚
883 612 1007 674 nisi
1052 611 1213 675 inter
1255 620 1432 676 semet
1477 613 1801 676 discordiis
1846 614 2138 679 saeviant.
2188 614 2273 676 Id
2316 637 2499 678 unum
2543 637 2709 679 vene-

317 739 494 794 num,
547 740 673 780 eam
718 718 905 780 labem
950 717 1294 780 civitatibus
1341 719 1642 800 opulentis
1689 725 1983 800 repertam
2002 767 2017 796 ‚
2082 727 2151 782 ut
2196 743 2409 800 mayna
2454 720 2710 802 imperia

319 823 609 887 mortabia
653 831 864 887 essent.

414 929 745 1013 Principes
788 928 1045 994 Etrusci
1078 932 1172 993 ita
1210 951 1439 1014 nempe
1477 930 1922 1013 disputabant:
1967 950 2206 1014 „parva
2252 932 2521 1013 imperia
2549 952 2712 995 mor-

321 1032 480 1097 talia
543 1039 725 1111 sunt;
791 1055 1030 1120 magna
1085 1033 1479 1099 immortalia
1536 1042 1779 1111 essent,
1842 1037 1968 1098 nisi
2027 1036 2147 1099 hoc
2208 1037 2291 1098 iis
2325 1055 2708 1124 uenenum,

322 1139 480 1202 haec
541 1138 718 1202 labes
776 1145 942 1203 esset
1004 1143 1286 1223 reperta,
1354 1139 1522 1224 quod
1585 1139 2004 1204 seditionibus
2050 1142 2219 1203 inter
2264 1160 2329 1203 se
2378 1143 2706 1218 saeviunt3

325 1245 476 1308 hinc
523 1243 629 1321 fit,
679 1249 756 1308 ut
797 1244 912 1309 illa
959 1266 1208 1330 quoque
1255 1245 1560 1310 mortalia
1606 1246 1799 1309 sint'’.
1848 1245 2071 1330 Itaque
2114 1247 2708 1332 interpungendum

325 1354 392 1414 et
437 1349 786 1437 legendum
831 1351 1001 1415 hunc
1046 1353 1113 1414 in
1161 1352 1468 1416 modum:
1520 1351 1645 1415 nisi
1695 1397 1709 1413 .
1739 1398 1753 1414 .
1786 1400 1800 1416 .
1850 1351 2157 1414 saeviant.-
2206 1352 2276 1413 id
2319 1375 2499 1414 unum
2546 1375 2713 1416 vene-

335 1478 470 1519 num
518 1504 532 1520 .
563 1503 577 1519 .
608 1503 623 1519 .
672 1463 999 1538 repertam,
1041 1464 1110 1520 ut
1149 1460 1335 1536 (coni.
1379 1458 1515 1538 fin.)
1563 1464 1637 1520 et
1681 1479 1898 1537 mayna
1942 1457 1987 1520 i.
2036 1479 2109 1518 m.
2160 1464 2367 1520 essent.

385 1696 468 1740 ·c.
521 1674 628 1739 49.
686 1674 788 1738 11.
837 1681 894 1738 et
938 1675 1245 1738 Romanae
1291 1675 1550 1755 leyiones
1597 1676 1668 1738 ab
1716 1675 1787 1738 L.
1841 1675 2095 1738 Aemilio
2137 1677 2373 1739 consule
2412 1678 2708 1741 adductae

331 1781 646 1846 comminus
715 1803 842 1844 eum
911 1781 1188 1844 Etruscis
1252 1780 1543 1845 dimicant
1604 1780 1734 1844 aeie
1746 1809 1775 1857 ;
1840 1804 2187 1866 quamquam
2250 1783 2354 1845 viar
2398 1783 2711 1863 deriyendi

332 1887 516 1950 aciem
578 1887 839 1968 spatium
901 1887 1241 1951 Veientibus
1282 1888 1464 1972 fuit.-
1513 1888 1659 1950 adeo
1709 1887 1869 1950 inter
1903 1887 2164 1969 primam
2216 1887 2673 1969 trepidationem
2692 1935 2708 1964 ‚

331 1995 468 2056 dum
504 1999 652 2074 post
695 1991 868 2072 siqua
918 1993 1246 2055 ordines
1305 1993 1727 2055 introeunt
1789 1992 2335 2077 subsidiaque
2393 1992 2707 2069 locant,

332 2098 567 2161 invecta
611 2097 803 2160 subito
851 2098 921 2159 ab
971 2097 1158 2160 latere
1204 2098 1476 2160 Romana
1522 2097 1783 2180 equitum
1829 2097 1933 2159 ala
1979 2120 2097 2160 non
2131 2121 2379 2179 puynae
2415 2100 2582 2161 modo
2621 2098 2713 2160 in-

336 2203 647 2285 cipiendae
667 2251 684 2279 ,
732 2204 840 2265 sed
885 2202 1248 2265 consistendi
1293 2203 1514 2265 ademit
1561 2203 1766 2268 locum.

416 2308 705 2372 Indicavi
765 2310 1181 2384 sententiam,
1235 2328 1395 2392 quae
1442 2306 1654 2391 aliquo
1701 2308 1863 2371 vitio
1909 2306 2193 2372 laborare
2240 2308 2516 2373 videtur.
2579 2308 2714 2372 Pri-

332 2436 516 2479 mum
582 2417 753 2478 enim
816 2414 1051 2478 diversi
1113 2418 1263 2477 sunt
1307 2413 1635 2489 Veientes,
1688 2415 1800 2497 qui
1847 2413 2086 2475 ordines
2132 2414 2439 2477 introeunt
2488 2422 2551 2479 et
2602 2417 2713 2498 qui

329 2507 598 2584 subsidia
661 2521 892 2595 locant,
957 2540 1186 2603 nempe
1247 2520 1316 2582 hi
1379 2524 1529 2582 sunt
1591 2518 1877 2595 duceS,
1940 2517 2040 2582 illi
2090 2519 2440 2583 milites.
2512 2519 2712 2584 Porro

329 2626 584 2690 introire
645 2627 884 2688 ordines
943 2646 1056 2710 pro
1105 2625 1197 2687 ire
1243 2625 1312 2687 in
1360 2624 1601 2687 ordines
1649 2629 1820 2688 caret
1868 2625 2160 2708 exemplo
2209 2631 2272 2688 et
2320 2627 2433 2689 vix
2483 2626 2713 2690 Latine

332 2734 452 2798 dici
519 2738 750 2817 potest.
823 2730 946 2797 Sed
1006 2731 1102 2797 fac
1165 2731 1497 2797 ferendum
1560 2752 1715 2796 esse.
1781 2729 2043 2809 Quando
2101 2730 2341 2796 milites
2386 2734 2715 2797 introeunt

331 2838 621 2905 ordines?
683 2838 851 2903 'I'um
913 2842 1258 2916 nimirum,
1324 2860 1473 2903 cum
1523 2839 1602 2903 ad
1650 2859 1799 2902 suos
1845 2839 2113 2922 quisque
2159 2838 2527 2924 manipulos
2573 2860 2715 2903 con-

331 2946 552 3012 volant
611 2944 718 3025 (cf.
773 2944 875 3009 10.
907 2943 1012 3011 33.
1042 2944 1083 3009 2
1133 2944 1378 3006 vixdum
1422 2944 1574 3007 eatis
1621 2942 1850 3025 aptatis
1895 2942 2079 3005 armi-s·
2124 2943 2191 3005 in
2240 2944 2479 3006 ordines
2523 2951 2712 3025 eunt),

333 3053 394 3115 h.
435 3072 489 3115 e.
539 3059 886 3135 antequam
927 3052 1098 3137 *acies
1142 3051 1504 3113 instruitur.
1554 3048 1683 3112 Hic
1732 3069 1881 3113 vero
1929 3050 2060 3112 iam
2109 3052 2400 3133 occupati
2450 3054 2600 3113 sunt
2644 3053 2712 3114 in

333 3157 676 3244 derigenda
739 3158 904 3232 acie,
971 3161 1142 3220 stant
1203 3158 1335 3219 iam
1385 3154 1680 3241 signiferi
1726 3156 1795 3217 in
1842 3154 2082 3230 fronte,
2133 3159 2329 3218 stant'
2353 3156 2549 3218 etiam
2596 3158 2715 3219 mi-

327 3264 473 3329 lites
541 3262 997 3347 manipulatim
1070 3264 1477 3347 congregati,
1542 3281 1817 3344 quorum
1883 3281 1919 3323 a
1981 3265 2165 3345 tergo
2228 3262 2359 3323 iam
2420 3260 2713 3324 locantur

331 3371 644 3447 subsidia3
712 3368 916 3433 defuit
978 3367 1425 3433 tantummodo
1488 3371 1746 3450 tempus
1809 3365 2121 3445 deriqeozdi
2180 3365 2383 3442 aciem,
2446 3368 2490 3432 i.
2519 3387 2571 3431 e.
2622 3368 2715 3429 in-

331 3476 642 3541 formandi
710 3478 953 3539 iustam
1023 3477 1225 3538 aciem
1295 3472 1790 3558 („regelmassig
1858 3469 2263 3547 aufstellen’',
2334 3477 2502 3535 recte
2566 3470 2711 3552 Μ.),

331 3588 473 3646 ante
512 3602 705 3665 quam
751 3580 1037 3669 Romani·
1071 3578 1539 3643 inveherentur.
1591 3577 1805 3662 Igitur
1852 3576 2079 3641 Livius
2127 3582 2239 3640 aut
2285 3578 2374 3640 sic
2419 3578 2709 3661 scripsit:

333 3688 466 3749 dum
516 3694 660 3769 post
705 3685 880 3766 siyna
928 3685 1168 3748 ordines
1214 3684 1648 3747 instruunt
1697 3682 1800 3763 (cf.
1853 3681 1914 3746 8.
1943 3681 2004 3747 8.
2036 3681 2076 3744 4
2124 3689 2187 3745 et
2238 3681 2325 3761 9),
2376 3689 2486 3745 aut
2504 3703 2520 3760 3
2572 3684 2713 3745 dum

323 3801 459 3873 poet
517 3793 690 3873 siqua
750 3793 988 3855 ordines
1048 3790 1354 3854 introeunt
1411 3789 1571 3867 (scil.
1636 3790 1706 3852 in
1767 3791 2007 3852 iustam
2056 3790 2284 3867 aciem)
2331 3787 2712 3873 subsidiaque

337 3898 737 3973 locantur,
831 3917 1105 3981 quarum
1175 3896 1530 3961 lectionum
1599 3896 1912 3979 posterior
1981 3915 2106 3958 non
2179 3914 2309 3957 una
2378 3893 2454 3957 de
2522 3914 2714 3958 causa

336 4002 736 4086 praeferenda
780 4002 1051 4066 videtur.

420 4228 470 4271 c.
521 4204 628 4270 50.
661 4207 718 4271 1.
769 4206 898 4269 Nec
938 4211 1110 4267 erant
1147 4204 1515 4267 incursiones
1552 4204 1719 4265 modo
1761 4201 1829 4265 in
1867 4224 2041 4281 ayros
2080 4207 2188 4263 aut
2222 4202 2408 4264 subiti
2456 4201 2711 4284 impetus

335 4309 953 4387 ineur'santium,
1018 4311 1126 4372 sed
1183 4309 1503 4393 aliquoties
1564 4331 1749 4393 aequo
1808 4330 2009 4391 eampo
2058 4307 2470 4391 conlatieque
2518 4308 2711 4389 siquis

338 4424 632 4481 certatum.
1900 4408 1908 4429 ⁸
