3351 5463
1240 378 1737 427 ARISTOPHANES.
2548 359 2677 426 303

489 541 637 616 ἡνίκ’
685 540 759 605 ἂν
808 541 1239 619 ἐπανθρακίδες
1286 540 1421 606 ὦσι
1469 544 2120 620 παρακείμεναι,

487 638 540 710 οἳ
588 647 648 710 δὲ
698 646 943 711 Θασίαν
989 648 1333 712 άνακυκῶσι
1384 646 1852 724 λιπαράμπυκα

488 747 541 815 οἳ
589 752 647 814 δὲ
696 751 1156 830 μάττωσιν,
1206 750 1357 817 οὕτω
1410 752 1670 831 σοβαρὸν
1721 752 1855 815 ἐλθὲ
1905 751 2097 828 μέλος
2138 750 2365 815 ἔντονον
2405 752 2680 829 άγροικό-

484 860 563 928 ὥς
614 857 720 932 ἐμὲ
772 859 1065 935 λαβοῦσα
1113 858 1214 922 τὸν
1262 857 1551 932 δημότην.
2515 880 2678 938 τερον

304 962 359 1026 E
421 983 549 1028 vss.
601 962 732 1028 666
795 969 860 1027 et
924 962 1054 1028 668
1101 968 1194 1041 (et
1242 962 1372 1028 669
1392 962 1443 1042 ?)
1494 964 1799 1047 quoniam
1845 961 2219 1047 planissime
2265 967 2512 1026 constat
2555 984 2682 1026 non

306 1071 413 1155 agi
474 1069 551 1133 de
612 1070 889 1150 apposita
940 1071 1230 1134 convivis
1248 1115 1265 1146 ,
1316 1069 1425 1133 sed
1474 1068 1549 1132 de
1586 1069 2025 1149 praeparanda
2068 1088 2293 1150 coena,
2346 1073 2473 1132 stat
2517 1068 2683 1132 mihi

303 1180 489 1239 vetus
536 1174 850 1238 sententia
895 1194 989 1239 vs.
1035 1169 1165 1239 66¹7
1215 1174 1665 1259 corrigendum
1711 1192 1846 1236 esse
1893 1168 2031 1234 ὦσιν
2076 1173 2497 1249 ἐπικείμεναι,
2539 1170 2677 1237 scil.

300 1283 441 1366 igni
499 1280 635 1345 sive
694 1279 1069 1344 carbonibus
1086 1325 1103 1355 ,
1167 1278 1337 1343 unde
1372 1279 1633 1342 -minuti
1675 1275 1778 1340 illi
1821 1275 2116 1361 pisciculi
2163 1297 2398 1341 nomen
2442 1277 2679 1341 habent

305 1385 756 1466 ἐπανθρακίδες.
829 1384 1071 1449 Eadem
1143 1388 1362 1449 autem
1427 1384 1503 1446 de
1564 1402 1755 1447 causa
1815 1381 1967 1445 ferri
2028 1383 2255 1466 nequit
2311 1381 2500 1446 lectio
2548 1382 2596 1458 β
2615 1382 2682 1445 ά-

303 1513 641 1565 πτωσιν,
691 1509 888 1573 quam
934 1510 968 1554 e
1015 1486 1210 1552 schol.
1260 1494 1325 1553 et
1375 1487 1608 1551 Athen.
1657 1485 1778 1551 VII
1827 1483 1957 1550 329
2004 1485 2320 1570 prolatam
2366 1507 2682 1551 commen·

302 1596 489 1660 dabat
532 1593 864 1659 Hamaker
910 1596 1274 1678 recepitque
1321 1592 1627 1678 Blaydes,
1678 1595 1848 1656 recte
1887 1597 2165 1674 spretam
2208 1611 2244 1655 a
2282 1590 2679 1657 Leeuwenio.

302 1697 535 1767 Contra
582 1701 858 1784 speciem
905 1699 1096 1764 habet
1140 1698 1407 1785 Bergkii
1446 1699 1811 1762 coniectura
1856 1721 1904 1772 μ
1925 1719 2128 1760 υττω
2149 1696 2232 1760 τό
2251 1721 2300 1760 ν.

392 1881 498 1946 Vs.
550 1879 702 1946 955.
752 1877 850 1946 Of.
899 1878 980 1944 ad
1024 1879 1196 1944 Nub.
1253 1878 1448 1944 1224.

393 2061 499 2126 Vs,
551 2059 747 2126 1063.
799 2058 989 2141 ὕπεχ’
1039 2056 1148 2123 ὦδε
1198 2059 1427 2137 δεῦρο
1474 2057 1974 2150 totamm-pov,
2024 2057 2065 2122 ὦ
2114 2061 2322 2136 γύναι.

306 2167 464 2248 Quia
525 2163 636 2230 ὦδε
696 2167 760 2230 h.
798 2165 843 2230 1.
908 2187 987 2230 ex
1046 2185 1191 2230 mea
1250 2164 1512 2250 quidem
1569 2168 1884 2229 sententia
1931 2166 2241 2236 δεικτικῶς
2292 2177 2675 2251 usurpatum
2765 2208 2771 2214 -

302 2275 497 2358 accipi
556 2274 813 2356 nequit,
876 2271 986 2334 sed
1048 2277 1263 2355 aperte
1317 2269 1635 2354 significat
1683 2271 1830 2344 huc,
1881 2272 2160 2352 pessima
2205 2269 2381 2335 locus
2427 2271 2678 2337 laborat

303 2377 699 2462 tautologia,
766 2396 961 2459 quam
1020 2377 1268 2459 peperit
1327 2377 1974 2458 interpretamentum
2037 2377 2198 2454 δεῦρο
2221 2424 2237 2452 ,
2299 2397 2425 2460 quo
2471 2377 2678 2443 deleto

304 2482 773 2567 suppleverim:
1264 2537 1275 2548 .

797 2568 987 2649 ὕπεχ’
1036 2568 1145 2633 ὦδε
1196 2568 1463 2648 (τουτὶ)
1512 2568 2011 2650 τούξάλειπτρον,
2061 2567 2102 2632 ὦ
2149 2570 2358 2648 γύναι.

389 2754 495 2820 Vs.
544 2754 718 2821 1088
742 2775 875 2840 sqq.
923 2753 1158 2819 Versus
1196 2752 1489 2818 confusos
1529 2757 1595 2817 et
1633 2753 2048 2837 interpolatos
2087 2757 2176 2820 sic
2217 2755 2672 2822 ordinaverim:

395 2859 589 2926 1088.
660 2862 810 2924 αλλ’
859 2857 1129 2938 ἐγκόνει·
1180 2858 1441 2923 δειπνεῖν
1489 2860 1921 2930 κατακωλύεις
1970 2858 2198 2924 πάλαι.

395 2965 589 3031 1090.
662 2972 904 3043 κλῖναι,
952 2963 1296 3044 τράπεζαι,
1344 2961 1868 3042 προσκεφάλαια,
1919 2961 2300 3043 στρώματα,

395 3069 588 3135 1091.
660 3068 993 3148 στέφανοι,
1044 3070 1250 3151 μύρον,
1297 3068 1680 3149 τραγήμαθ’,
1727 3069 1794 3131 αἱ
1843 3067 2055 3146 πόρναι
2104 3069 2312 3147 πάρα·

395 3174 590 3241 1089.
663 3175 747 3240 τά
794 3175 855 3238 τ’
902 3180 1042 3259 (pro
1087 3175 1170 3255 δ’)
1219 3170 1394 3239 ἄλλα
1446 3173 1628 3237 πάνθ’
1677 3174 1841 3236 ἐστιν
1887 3175 2464 3251 παρεσκευασμένα.

363 3279 589 3362 [1092.
658 3280 1087 3361 ὀρχηστρίδες,
1135 3281 1219 3343 τά
1265 3279 1528 3359 Φίλταθ’
1578 3278 1934 3355 Ἀρμοδίου,
1977 3282 2224 3363 καλαί.]

394 3385 588 3451 1093.
659 3386 807 3451 ἀλλ’
857 3389 937 3473 ὥς
986 3385 1270 3465 τάχιστα
1319 3385 1565 3448 σπεῦδε.

306 3488 407 3554 Vs.
461 3490 656 3570 1092,
706 3494 818 3576 qui
863 3493 1100 3557 frustra
1144 3494 1519 3575 temptatur,
1569 3487 1860 3555 misellus
1896 3493 2304 3576 grammatici
2342 3493 2678 3577 ingenium

307 3600 673 3662 ostentantis
719 3598 888 3662 fetus
936 3617 1069 3663 esse
1114 3596 1389 3662 videtur.

1426 3894 1540 3960 IX.

1156 4079 1244 4126 An
1289 4077 1812 4126 nconnsuzusss.

390 4229 647 4295 Frustra
693 4250 924 4315 quaero
973 4249 1135 4314 quae
1179 4229 1527 4293 intercedat
1572 4228 1979 4293 necessitudo
2027 4231 2195 4293 inter
2239 4251 2366 4296 vss.
2418 4231 2504 4298 86
2531 4254 2620 4322 sq.

390 4334 550 4400 Mul.
595 4336 647 4400 I.
697 4338 796 4410 Νὴ
846 4336 949 4400 τὸν
997 4336 1098 4399 Δί’
1145 4331 1289 4398 ὥστ’
1338 4335 1468 4397 ἐκεῖ
1510 4358 1589 4410 γε
1636 4334 2038 4410 καταλαβεῖν
2088 4331 2262 4411 ἕδρας

700 4440 814 4508 ὑπὸ
862 4441 944 4521 τῷ
994 4439 1136 4521 λίθῳ
1184 4446 1299 4503 τῶν
1342 4439 1694 4519 πρυτάνεων
1739 4439 2138 4521 καταντικρύ.
