3351 5463
518 347 527 356 ’
647 361 780 428 320
1658 378 2029 432 nuonn'nus.

733 549 1071 615 Lucretius
1134 547 1371 615 refellit
1430 548 1787 615 doctrinam
1847 551 2264 634 Anaxagorae
2282 598 2300 627 ,
2363 553 2475 636 qui
2539 551 2750 616 aiebat
2800 570 3022 616 omnes

643 677 743 721 res
786 658 854 720 in
900 655 1198 720 omnibus
1240 653 1430 718 rebus
1476 674 1645 732 esse,
1694 675 1821 719 non
1865 656 1960 719 ita
2005 661 2081 719 ut
2118 654 2375 720 eaedem
2413 658 2618 722 atomi
2656 676 2771 740 per
2810 657 3024 721 varias

644 759 1082 825 collocationes
1128 761 1339 825 varias
1385 779 1483 824 res
1528 759 1881 836 efficerent,
1930 758 2040 824 sed
2084 765 2160 824 ut
2204 765 2415 845 partes
2462 763 2752 845 ipsarum
2798 781 3020 825 rerum

640 867 708 930 in
770 865 915 930 aliis
960 865 1148 929 rebus
1193 863 1500 941 laterent,
1548 871 1624 930 ut
1668 867 1740 928 in
1785 864 2109 929 frumento
2156 885 2210 930 e.
2260 886 2358 951 gr.
2410 866 2581 950 quod
2626 887 2742 931 nos
2788 865 2985 931 aleret
3004 913 3022 944 ‚

641 971 809 1037 unde
870 972 1133 1056 sanguis
1193 976 1409 1035 noster
1460 974 1825 1055 augeretur,
1874 972 2136 1056 sanguis
2184 977 2390 1049 esset,
2438 974 2506 1036 in
2551 972 2766 1037 herbis
2784 1019 2800 1050 ,
2849 972 3021 1036 unde

594 1055 607 1068 ⁹
640 1075 943 1141 animalia
987 1075 1386 1168 nutrirentur
1432 1079 1496 1139 et
1541 1095 1736 1139 suum
1783 1078 2167 1161 sanguinem
2202 1075 2527 1153 haberent,
2567 1097 2719 1143 vere
2757 1079 3022 1162 sanguis

638 1184 875 1246 inesset
935 1184 1000 1245 et
1062 1178 1261 1245 simul
1304 1179 1403 1244 lac
1422 1227 1439 1257 ‚
1471 1182 1796 1265 ,quoniam
1840 1179 1940 1245 lac
1987 1201 2065 1244 ex
2111 1181 2325 1247 herbis
2374 1181 2554 1247 fieret
2598 1185 2668 1247 in
2715 1181 3022 1247 uberibus

640 1289 880 1353 ovium.
1911 1299 1920 1308 ·

728 1391 1090 1458 Discrimen
1148 1394 1316 1456 inter
1377 1391 1735 1457 doctrinam
1780 1391 2044 1478 Epicuri
2093 1396 2159 1456 et
2205 1392 2559 1460 doctrinam
2605 1393 3021 1480 Anaxagorae

638 1519 711 1563 eo
754 1500 961 1584 igitur
1004 1496 1172 1563 redit
1191 1545 1205 1568 .
1255 1497 1425 1581 quod
1468 1496 1788 1581 Epicurus
1833 1497 2092 1560 chemiea
2134 1499 2383 1562 ratione
2429 1496 2587 1562 alias
2631 1518 2730 1563 res
2768 1499 2838 1562 in
2876 1497 3022 1562 aliis

548 1617 555 1624 ’
638 1624 774 1670 esse
835 1603 1051 1668 docuit
1067 1650 1083 1681 ,
1132 1603 1543 1689 Anaxagoras
1588 1623 1743 1668 vero
1787 1602 2130 1666 mechanica
2175 1604 2419 1668 ratione
2440 1651 2454 1680 ,
2505 1623 2699 1689 quam
2747 1603 2830 1669 ob
2865 1623 3024 1682 ‚cau-

638 1728 778 1773 sam
845 1707 1184 1772 Lucretius
1251 1707 1425 1772 hisce
1485 1707 1777 1773 versibus
1843 1706 1999 1772 dicit
2015 1755 2032 1785 ,
2095 1710 2151 1772 si
2211 1708 2579 1777 mechanica
2639 1711 2726 1773 sit
2787 1711 3018 1774 mixtio

637 1835 856 1879 rerum
918 1815 1115 1878 etiam
1169 1813 1534 1878 mechanica
1580 1815 1824 1878 ratione
1871 1811 2031 1878 hanc
2075 1815 2459 1879 mixtionem
2507 1833 2696 1898 posse
2738 1814 2908 1883 solvi
2954 1818 3021 1879 et

637 1918 929 1984 discerni.
998 1918 1175 1983 Haec
1236 1916 1602 1983 mechanica
1644 1921 1812 1982 ratio
1861 1917 2150 1983 solvendi
2193 1922 2258 1983 et
2304 1918 2729 1996 discernendi,
2780 1921 3018 2004 quippe

635 2027 704 2091 in
765 2044 891 2109 qua
950 2027 1085 2088 tota
1144 2024 1244 2088 vis
1302 2025 1672 2108 argumenti
1730 2024 2001 2100 inesset,
2063 2022 2232 2088 clare
2291 2029 2358 2089 et
2418 2023 2738 2088 distinctis
2803 2025 3019 2089 verbis

592 2189 595 2194 .
636 2133 773 2194 erat
815 2134 1037 2213 poetae
1078 2126 1354 2192 notanda
1374 2175 1390 2204 ,
1439 2147 1632 2212 quam
1680 2127 1758 2191 ob
1805 2147 1942 2192 rem
1985 2128 2350 2212 insignibus
2391 2127 2549 2194 locis
2595 2133 2662 2193 et
2705 2129 3018 2214 gravibus

365 2251 373 2260 ·
504 2271 507 2274 ·
636 2234 848 2300 verbis
908 2253 1063 2298 usus
1123 2237 1221 2298 est
1280 2232 1361 2297 ad
1406 2232 1569 2297 hanc
1612 2232 2051 2297 mechanicam
2097 2233 2385 2298 solvendi
2429 2235 2744 2298 rationem
2791 2233 3018 2298 descri-

633 2339 940 2406 bendam:
995 2337 1258 2416 „minaei
1297 2337 1310 2422 Ι
1349 2338 1553 2401 robore
1599 2360 1728 2401 eum
1771 2338 1907 2401 sacri
1934 2338 2393 2424 franguntur-’2
2443 2338 2666 2404 deinde
2712 2359 2828 2424 per
2873 2359 3019 2404 ana-

635 2445 905 2530 phoram
972 2443 1289 2529 quandam
1354 2464 1523 2519 „cwm
1585 2442 1788 2524 lapidi
1848 2442 2113 2524 lapidem
2177 2442 2419 2506 terimus
2433 2491 2451 2522 ‚
2505 2447 2652 2527 post
2701 2443 3012 2529 ,friatiffl

634 2537 756 2630 (vs.
806 2548 965 2630 888)
1012 2555 1078 2614 et
1124 2570 1294 2626 „eum
1328 2548 1699 2633 praefracta
1729 2548 1995 2632 forent”
2045 2553 2168 2628 (vs.
2215 2546 2397 2628 892).

721 2655 847 2720 Hic
908 2659 1127 2722 tamen
1182 2653 1574 2719 monendum
1636 2658 1736 2718 est
1794 2655 1864 2716 in
1927 2652 2246 2718 codicibus
2309 2656 2623 2740 scriptum
2666 2653 2836 2742 legi:
2885 2677 3016 2718 cum

633 2762 834 2844 lapidi
902 2762 971 2824 in
1041 2761 1302 2843 lapidem
1361 2759 1603 2823 terimus
1627 2758 1702 2840 ¹)·.
1771 2758 2036 2825 Lachm.
2107 2759 2470 2826 adnotavit:
2544 2782 2665 2839 „ex
2735 2766 3016 2845 utroque

628 2888 821 2935 versu
880 2868 950 2931 in
993 2867 1527 2952 praepositionem
1573 2863 1840 2930 sustulit
1882 2863 2203 2931 Marullus
2220 2912 2237 2942 ,
2287 2871 2454 2930 recte
2473 2914 2490 2944 ,
2539 2871 2614 2931 ut
2652 2870 2812 2950 puto
2830 2914 2848 2944 ,
2891 2868 3016 2931 etsi

631 2993 745 3037 cur
790 2971 1004 3037 addita
1050 2974 1135 3036 sit
1178 2992 1305 3035 non
1347 2969 1727 3057 intellego”.

718 3077 1017 3141 Primum
1036 3123 1052 3152 ,
1118 3078 1174 3140 si
1234 3075 1389 3161 quid
1445 3075 1669 3152 viden,
1737 3074 2072 3139 Lucretius
2133 3078 2267 3139 suis
2327 3077 2539 3141 verbis
2607 3076 2800 3141 idem·
2853 3075 3013 3141 dicit

630 3182 800 3267 quod
845 3203 942 3246 ex.
989 3203 1089 3268 gr.
1136 3178 1303 3245 Plin.
1354 3179 1440 3244 H.
1489 3180 1570 3246 N.
1618 3179 1729 3258 24,
1762 3176 1926 3246 174:
1974 3182 2119 3243 haee
2168 3182 2402 3261 (herba)
2451 3181 2610 3245 inter
2657 3183 2806 3245 duos
2852 3182 3015 3263 lapi-

628 3289 732 3351 des
769 3288 921 3351 trita
959 3290 1107 3351 cett.
1145 3286 1555 3370 Antiquiores
1593 3287 1974 3369 interpretes
2016 3306 2274 3351 versum
2307 3286 2651 3352 delendum
2673 3287 3012 3372 putabant,

628 3397 742 3459 aut
802 3391 1015 3477 aliquo·
1073 3390 1261 3456 modo
1326 3410 1543 3455 sanare
1607 3391 2017 3468 conabantur,
2063 3411 2214 3456 cum
2260 3413 2387 3457 non
2432 3394 2860 3478 perspicerent
2905 3394 3014 3457 ob-

625 3500 869 3563 iectum
914 3497 1095 3563 verbi
1139 3495 1308 3582 quod
1355 3501 1451 3561 est
1498 3496 1742 3559 terimus
1788 3515 1922 3561 esse
1965 3497 2176 3559 herbae
2196 3544 2212 3575 ‚
2261 3497 2433 3582 quod
2475 3498 2862 3564 sumendum
2909 3504 3012 3564 est

627 3624 705 3669 ex
774 3602 971 3666 herbis
1041 3601 1211 3686 quod
1270 3603 1593 3685 sequitur3
1659 3604 1771 3685 qui
1833 3606 2048 3667 totum
2092 3600 2312 3667 locum
2357 3601 2684 3689 intellegit
2701 3652 2718 3682 ,
2766 3603 2835 3669 id
2882 3625 3012 3669 non

625 3708 922 3794 negabit,
971 3709 1268 3792 quamvis
1314 3709 1400 3771 sit
1444 3706 1603 3771 dura
1646 3705 1801 3773 haec
1845 3709 2252 3773 constructio.
2310 3706 2485 3773 Dicit
2529 3710 2737 3793 igitur
2781 3716 3012 3794 poeta:

630 3834 823 3892 „cum
882 3810 1095 3896 lapide
1158 3821 1334 3891 (nam
1406 3811 1609 3894 lapidi
1672 3832 1809 3877 esse
1854 3811 2214 3878 ablativum
2259 3815 2446 3898 gnari
2489 3816 2728 3894 sciunt)
2774 3813 3006 3879 herbas

623 3920 693 3983 in
730 3916 1014 4003 lapidem
1052 3917 1320 3982 terimus
1359 3937 1615 3982 manare
1654 3918 2034 4003 sanguinem
2072 3916 2391 3981 consimili
2414 3920 2660 3982 ratione
2683 3938 2762 3983 ex
2785 3917 3005 3983 herbis

624 4043 876 4108 quoque
938 4022 1300 4106 oportebat,
1364 4042 1516 4087 nam
1576 4025 1633 4086 si
1695 4021 1926 4088 herbae
1986 4023 2356 4088 mechanica
2415 4025 2658 4087 ratione
2710 4026 2805 4089 ita
2850 4029 3006 4089 sunt

624 4129 1014 4212 compositae
1073 4133 1150 4193 ut
1210 4129 1472 4213 sanguis
1516 4129 1585 4190 in
1631 4129 1714 4192 iis
1761 4129 1950 4205 insit,
2000 4130 2113 4212 qui
2158 4148 2236 4193 ex
2281 4129 2382 4212 iisj
2411 4130 2642 4193 transit
2688 4131 2755 4193 in
2804 4150 3005 4195 venas

622 4232 1005 4299 animalium
1020 4280 1039 4310 ‚
1087 4232 1455 4298 mechanica
1498 4235 1743 4299 ratione
1790 4232 1927 4298 fieri
1971 4236 2208 4319 poterit
2224 4280 2242 4311 ‚
2293 4240 2368 4299 ut
2411 4236 2675 4321 sanguis
2725 4254 3006 4302 secernar

690 4474 745 4538 1)
778 4472 1007 4523 Tenemus
1039 4472 1233 4538 proprie
1268 4472 1461 4537 legitur.
