3351 5463
640 387 771 452 234
1020 463 1031 474 .
1511 401 2158 452 onsnnvnrmuoomn

636 568 1055 655 improbabile
1088 568 1132 651 ¹)
1178 573 1663 655 mancipationis
1713 570 2020 636 solemnia
2066 573 2453 657 cogitavisse
2495 568 2985 636 Constantinum
3007 617 3026 647 ,

629 676 748 744 ‚ubi
808 677 1328 761 indignabundus
1389 679 1698 760 queritur,
1763 678 1931 761 quod
1994 677 2288 740 cuniculis
2352 676 2546 740 nescio
2609 673 2819 761 quibus
2862 675 3030 738 inter

636 789 947 862 emptorem
1000 788 1057 844 et
1120 782 1481 845 venditorem
1539 783 1824 846 solemnia
1884 783 2248 846 celebrentur
2295 782 2466 864 (Vat.
2518 779 2623 846 35.
2655 783 2742 862 5),
2805 801 3030 866 quam·-

638 888 858 952 obrem
919 889 1295 971 praescribit
1358 909 1437 952 ne
1503 887 1657 972 quid
1721 887 2034 952 eiusmodi
2080 887 2192 952 fiat
2239 891 2398 952 citra
2443 889 2807 953 vicinorum
2851 887 3036 950 testi—

636 995 945 1055 monium.
1000 989 1370 1056 Contrarius
1420 1013 1592 1057 error
1639 999 1736 1057 est
1784 995 2190 1077 imperatoris
2236 993 2506 1057 Zenonis
2553 1000 2633 1074 (c.
2679 991 2759 1056 31
2809 1013 2902 1077 pr.
2947 989 3024 1056 O.

637 1096 699 1160 8.
730 1095 814 1160 53
864 1118 914 1162 s.
966 1094 1101 1178 54),
1151 1100 1255 1161 cui
1300 1100 1663 1163 vicinorum
1714 1101 2163 1163 testimonium
2201 1100 2534 1184 privatum
2577 1099 2832 1176 dicitur,
2873 1118 3027 1161 cum

622 1203 877 1285 publica
936 1208 1105 1282 eoae)
1170 1209 1233 1268 et
1294 1204 1515 1268 audiat
1564 1202 1982 1269 Constantino
2031 1204 2180 1285 (LI.)
2230 1209 2294 1269 et
2341 1208 2425 1269 sit
2471 1225 2714 1271 revera.
2777 1204 3028 1268 Rursus

634 1309 985 1373 cavendum
1035 1314 1162 1394 est,
1214 1310 1384 1394 apud
1423 1332 1579 1394 quos
1621 1309 1882 1376 traditio
1922 1312 2304 1396 requiratur,
2340 1312 2517 1396 apud
2555 1333 2658 1376 eos
2699 1309 3026 1396 publicam

634 1434 713 1477 ne
778 1405 1070 1479 'dicamus
1138 1417 1549 1499 proprietatis
1619 1415 2136 1495 translationem,
2210 1417 2288 1480 ob
2352 1418 2420 1481 id
2483 1420 2773 1493 tantum,
2853 1413 3028 1499 quod

636 1539 823 1583 causa
866 1519 1279 1603 praecedens,
1329 1519 1534 1585 veluti
1581 1520 1873 1598 donati0‚
1923 1525 2081 1586 actis
2131 1521 2467 1607 alleganda
2516 1525 2634 1599 sit,
2680 1521 2847 1606 quod
2893 1519 3024 1584 alio
3111 1501 3124 1510 ’

635 1622 772 1689 loco
833 1624 1007 1688 idem
1070 1645 1293 1709 passus
1357 1631 1452 1690 est
1497 1625 1731 1715 Besson
1757 1627 1830 1706 2),
1881 1648 2074 1710 quem
2118 1627 2376 1691 induxit
2419 1629 2489 1690 in
2535 1647 2813 1691 errorem
2864 1623 3028 1692 Con-

637 1731 976 1807 stantinus,
1045 1733 1155 1814 qui
1218 1729 1412 1795 simul
1470 1733 1627 1796 actis
1675 1734 2040 1817 consignari
2088 1732 2294 1797 voluit
2341 1732 2747 1798 donationem
2793 1737 2856 1795 et
2902 1736 3030 1795 tra-

635 1835 945 1900 ditionem
994 1835 1161 1915 (Vat.
1212 1835 1365 1901 249.
1398 1833 1434 1902 '7
1484 1860 1545 1903 v.
1595 1838 1837 1920 omnia),
1889 1859 2051 1922 quae
2098 1860 2319 1903 rursus
2369 1839 2672 1903 discrevit
2711 1838 3026 1923 posterior

633 1961 807 2004 usus.
876 1941 1118 2005 Verum
1180 1942 1569 2027 generaliter
1629 1942 1984 2007 cavendum
2034 1942 2163 2021 est,
2213 1965 2291 2008 ne
2339 1943 2664 2009 censuales
2709 1943 2907 2008 libros
2956 1947 3023 2005 et

631 2031 867 2110 formas
931 2048 1394 2112 confundamus
1442 2069 1591 2112 cum
1639 2048 1912 2133 publicis
1960 2053 2431 2127 monumentis,
2483 2050 2661 2134 quasi
2706 2047 2814 2113 vel
2859 2045 3030 2111 nihil

634 2151 738 2216 vel
799 2154 1149 2217 minimum
1213 2153 1519 2218 distantes
1548 2152 1616 2234 3).
1683 2155 1894 2219 Libris
1942 2159 2115 2221 enim
2161 2155 2267 2222 vel
2314 2158 2570 2242 paginis
2618 2152 3023 2219 censualibus

634 2258 1081 2323 adscribuntur
1143 2259 1402 2344 quidem
1465 2263 1724 2325 nomina
1772 2261 2214 2340 dominorum,
2261 2264 2420 2347 ipsis
2467 2261 2910 2346 profitentibus
2959 2263 3032 2323 et

631 2365 1108 2428 transscribitur
1168 2365 1245 2430 ab
1312 2370 1567 2431 auctore
1626 2369 1696 2430 in
1761 2373 2266 2452 comparatorem
2300 2366 2613 2452 professio
2633 2415 2649 2444 ‚
2704 2367 3026 2450 quotiens-

631 2490 906 2555 cumque
988 2469 1349 2535 dominium
1421 2470 1806 2536 translatum
1877 2473 2112 2538 dicitur
2139 2471 2190 2552 4)
2209 2521 2226 2550 ,
2297 2473 2408 2537 sed
2477 2472 2557 2536 ad
2624 2472 2693 2535 id
2761 2476 3022 2536 tantum

630 2576 1131 2654 transscribitur‚
1195 2581 1271 2640 ut
1332 2578 1401 2638 in
1447 2579 1844 2641 succedentem
1891 2578 2204 2660 capitatio.
2233 2564 2669 2662 transferatur,
2714 2598 2830 2642 nec
2874 2576 3022 2642 ideo

631 2683 848 2746 minus
908 2681 1240 2746 translatio
1301 2689 1441 2747 rata
1500 2687 1630 2761 est,
1699 2685 1868 2768 quod
1927 2687 2096 2767 apud
2143 2685 2414 2768 priorem
2458 2683 2667 2771 fundi
2715 2683 3016 2748 dominum

633 2788 989 2872 (professio)
1022 2789 1206 2871 forte
1238 2797 1594 2869 permaneat
1618 2788 1690 2870 ⁵).
1739 2790 1825 2853 Et
1871 2789 2079 2855 multo
2119 2794 2331 2877 magis
2371 2795 2783 2856 conservatur
2818 2790 3020 2855 domi-

630 2894 849 2968 nium,
900 2895 1156 2963 etiamsi
1209 2893 1362 2958 falso
1410 2896 1719 2980 professio
1769 2896 1848 2961 ad
1895 2896 2096 2961 alium
2144 2896 2452 2961 translata
2499 2898 2618 2974 sit,
2670 2898 2820 2980 quia
2867 2918 3020 2979 quae

632 2998 877 3081 quisque
941 2999 1146 3061 aliena
1207 2999 1275 3061 in
1322 3023 1553 3073 censum
1601 3002 1877 3080 deducit,
1929 3024 2001 3067 ea
2039 3002 2233 3066 nihilo
2283 3003 2470 3082 maffia
2517 3005 2894 3067 auctoritate
2943 3000 3016 3079 Q.

630 3102 839 3167 Mucii
886 3105 1021 3168 eius
1069 3104 1235 3169 fiunt
1260 3106 1331 3187 6),
1384 3127 1509 3190 qua
1548 3106 1624 3171 de
1670 3129 1737 3173 re
1773 3130 1926 3173 mox
1965 3108 2126 3171 inter
2164 3130 2356 3171 omnes
2397 3110 2756 3173 constitisse
2797 3106 3020 3175 Cicero

700 3362 754 3427 1)
788 3364 901 3411 Non
934 3364 1035 3411 tam
1068 3364 1200 3411 certa
1237 3378 1313 3411 res
1348 3366 1446 3422 est,
1478 3379 1622 3427 quam
1656 3364 1764 3413 vult
1801 3362 1989 3423 Weber,
2029 3364 2340 3430 Aqraryeseb.
2379 3366 2553 3428 (1891)
2587 3383 2635 3430 p.
2665 3366 2745 3415 98.

698 3444 755 3508 2)
788 3445 951 3493 Livres
972 3444 1198 3508 sonciers
1229 3460 1275 3508 p.
1311 3445 1528 3495 41—43.

700 3528 749 3586 3)
779 3526 919 3575 Cavit
953 3526 1218 3584 Hofmann,
1254 3525 1322 3573 sic
1354 3542 1581 3591 pergens:
1623 3528 1774 3576 ‚doch
1808 3532 1982 3577 mic'sste
2013 3542 2142 3586 man,
2172 3528 2331 3578 diesen
2358 3530 2538 3591 Spuren
2565 3528 2883 3592 nachqekend‚
2911 3528 3018 3579 sich

628 3626 710 3659 vor
741 3612 826 3659 der
870 3608 1226 3673 Verwechelunq
1260 3624 1347 3658 von
1380 3609 1618 3659 Kataster
1642 3610 1748 3658 und
1787 3608 2076 3660 Grundbuck
2111 3608 2310 3659 bened&

697 3694 755 3755 4)
796 3690 1058 3739 Videantur
1090 3692 1224 3753 gesta
1257 3690 1313 3743 de
1350 3690 1606 3740 donatione
1642 3691 1700 3740 ab
1735 3693 1954 3741 Odoacro
1990 3692 2042 3741 in
2076 3692 2292 3741 Pieriam
2328 3690 2526 3740 collata:
2569 3690 2770 3750 Marini,
2807 3692 2918 3756 Pap.
2953 3694 3018 3741 83

629 3780 705 3834 (=
730 3774 902 3837 Spang‚
940 3771 1053 3820 Tab.
1091 3771 1190 3833 27).
1240 3772 1509 3822 videantur
1551 3790 1741 3838 quoque
1789 3774 2020 3839 epistulae
2055 3774 2356 3823 traditionis:
2395 3773 2578 3823 Marin.
2616 3774 2731 3838 Pap.
2771 3774 2882 3831 115,
2921 3774 3021 3823 116

631 3854 712 3920 (--
738 3857 912 3919 Spang.
949 3852 1060 3903 Tab.
1102 3856 1179 3912 50,
1219 3841 1327 3917 51).
1362 3856 1583 3903 Pertinet
1616 3856 1821 3920 denique
1854 3857 1914 3905 ad
1950 3857 2074 3905 hanc
2109 3854 2374 3916 μετάθεσιν
2409 3858 2536 3905 Nov.
2577 3854 2639 3906 17
2676 3856 2739 3920 (c.
2777 3856 2808 3903 8
2844 3855 2982 3919 (51).

698 3937 751 3999 5)
786 3950 825 3985 c.
864 3936 895 3982 3
932 3934 986 3983 C.
1022 3934 1110 3983 Th.
1150 3936 1279 3984 11.3
1316 3936 1396 3999 (=
1421 3953 1460 3985 c.
1498 3940 1527 3985 3
1566 3936 1617 3985 C.
1653 3936 1822 4001 4.47);
1861 3953 1900 3987 c.
1941 3940 1968 3985 5
2009 3938 2059 3987 C.
2092 3938 2181 3987 Th.
2218 3940 2294 3987 11.
2317 3940 2364 3987 3.
2399 3966 2465 3975 -
2500 3940 2622 3987 Sene
2639 3953 2727 4002 per
2745 3938 3020 4001 Aegyptum

625 4016 965 4067 observabatur
999 4017 1134 4081 (Pap.
1174 4016 1337 4067 Bet-ol.
1372 4018 1487 4077 112,
1508 4018 1621 4077 184,
1640 4017 1759 4078 379;
1795 4018 2031 4079 Wilcken,
2065 4020 2228 4069 Herm.
2260 4020 2485 4068 XXVIII
2515 4018 2703 4085 (1893)
2721 4034 2767 4083 p.
2788 4018 2884 4066 235
2903 4022 3020 4083 sq.),

628 4102 683 4149 nt
728 4098 928 4147 dominii
962 4097 1329 4147 translat-ionem
1364 4100 1667 4161 praecederet
1702 4100 2009 4165 professionis
2043 4094 2393 4165 transscriptio,
2428 4116 2549 4164 quae
2583 4100 2764 4149 dicitur
2799 4096 2882 4147 διὰ
2922 4102 3020 4147 τοῦ

628 4217 639 4230 .
661 4216 672 4228 .
694 4216 735 4229 ..
776 4179 1097 4241 λογιοτηρίου
1136 4215 1146 4227 .
1168 4216 1178 4227 .
1202 4216 1213 4229 .
1235 4215 1246 4227 .
1283 4177 1560 4240 οἰκονομία,
1596 4180 1646 4228 id
1682 4185 1753 4229 est
1787 4180 2020 4231 censualis
2057 4180 2313 4241 alienatio,
2349 4180 2400 4229 in
2437 4182 2582 4246 Oorp.
2618 4180 2760 4230 Rain.
2790 4181 2816 4229 I
2846 4196 2956 4245 pap.
2993 4181 3021 4229 I

626 4263 714 4312 lin.
758 4262 840 4321 11,
875 4262 939 4311 22
987 4261 1229 4323 (Mitteis,
1276 4262 1441 4312 Herm.
1480 4264 1611 4311 XXX
1652 4263 1833 4328 (1895)
1868 4280 1915 4328 p.
1953 4264 2092 4328 603).
2143 4264 2253 4312 Hoc
2298 4262 2368 4311 ita
2414 4263 2731 4313 constitutum
2766 4265 2897 4321 erat,
2935 4262 3021 4311 ubi

627 4344 817 4411 praedia
847 4344 1189 4403 alienarentur,
1217 4343 1269 4393 in
1299 4344 1469 4393 ceteris
1504 4344 1632 4393 enim
1661 4343 1802 4393 rebus
1831 4342 2139 4409 praecedebat
2170 4344 2371 4393 dominii
2405 4344 2657 4394 translatio
2689 4343 2830 4408 (Pap.
2851 4343 3020 4393 Berol.

626 4427 706 4488 87,
742 4428 854 4487 153,
890 4424 1005 4485 427,
1038 4426 1275 4486 Wilcken,
1310 4426 1379 4477 1.1.
1416 4444 1464 4492 p.
1504 4426 1641 4488 339).

694 4512 747 4577 6)
782 4512 839 4563 L.
874 4510 938 4559 64
974 4510 1033 4559 D.
1066 4509 1219 4559 41.1.
