3351 5463
694 358 826 423 440
1107 376 1193 422 An
1241 374 1491 422 maon
1536 373 1782 422 ramme
1830 353 2154 420 oc'rAv'nm
2199 371 2660 420 somonam.

688 537 1085 605 Tursellinus
1144 538 1209 603 Π
1271 561 1332 624 p.
1387 537 1519 603 202
1546 559 1675 623 seq.
1744 536 2008 602 Temere
2072 536 2495 602 Baehrensius
2539 538 2830 623 scripsit:
2875 544 3104 620 specta

690 647 765 709 de
802 647 1078 708 memoria
1116 645 1318 710 bibres.
1368 642 1494 709 Sed
1543 665 1747 728 quum
1793 645 1864 707 in
1913 643 2124 708 codice
2168 642 2223 706 P
2271 645 2586 728 scriptum
2632 644 2718 708 sit
2762 644 3060 706 memoria
3079 692 3096 722 ‚

683 752 899 835 potius
960 750 1415 836 corrigendum
1474 749 1784 812 memorias
1803 797 1820 827 ‚
1886 747 1955 813 id
2003 753 2099 814 est
2145 752 2540 814 narrationes
2587 749 2940 814 historicas.
3007 748 3099 814 cf.

690 853 797 933 31,
825 853 864 920 3
911 855 1219 919 memoriae
1267 863 1323 919 et
1370 854 1715 936 trayoediae
1765 861 1995 918 vestrae
2041 853 2285 918 incestis
2325 855 2691 935 yloriautur.

782 1095 835 1139 c.
884 1073 945 1159 8,
976 1074 1035 1139 1.
1085 1075 1300 1160 Itaque
1345 1097 1473 1138 cum
1522 1075 1778 1138 omnium
1817 1075 2086 1154 qeutium
2123 1075 2197 1138 de
2235 1074 2333 1136 dis
2371 1073 2802 1138 immortalibus
2821 1121 2838 1152 ,
2881 1096 3102 1158 quam-

690 1181 783 1244 vis
843 1180 1076 1244 incerta
1139 1180 1222 1244 sit
1266 1180 1365 1244 vel
1408 1181 1566 1244 ratio
1614 1181 1712 1244 vel
1756 1179 1919 1261 oriyo
1939 1228 1955 1257 ,
2002 1187 2240 1244 maneat
2283 1186 2478 1243 tamen
2505 1183 2695 1263 firma
2743 1180 3056 1245 consensio
3077 1227 3096 1257 ,

693 1288 977 1351 nemiuem
997 1290 1150 1372 sero
1192 1293 1363 1350 tauta
1402 1288 1665 1351 avidacia
1691 1323 1775 1334 —
1806 1293 2208 1350 timeae-eutem
2225 1333 2242 1364 ,
2285 1287 2390 1370 qui
2430 1287 2583 1350 hauc
2621 1286 2967 1368 reliqionem
2997 1323 3096 1336 —

692 1393 1003 1477 infirmare
1070 1393 1324 1456 nitatur.
1396 1391 1580 1459 Hanc
1646 1392 1800 1457 libri
1865 1391 2004 1457 MS.
2078 1394 2465 1477 scripturam
2530 1414 2750 1458 omnes
2811 1392 3103 1458 editores

691 1501 1129 1576 retinuerunt,
1194 1519 1309 1563 nec
1372 1519 1535 1584 nego
1600 1498 1738 1562 fieri
1797 1517 2012 1581 posse,
2077 1501 2152 1561 ut
2211 1497 2539 1563 Minucius
2595 1500 2688 1562 ita
2736 1500 3100 1583 scripserit.

695 1603 819 1669 Sed
877 1603 1051 1668 idem
1114 1623 1336 1668 censeo
1399 1605 1782 1668 sententiam
1830 1602 2066 1667 melius
2112 1603 2451 1686 procedere
2472 1650 2489 1681 ‚
2539 1605 2595 1668 si
2641 1624 2758 1688 pro
2790 1606 2942 1688 sero
2991 1625 3100 1668 re—

696 1711 996 1794 ponimus
1040 1709 1197 1794 fore
1258 1713 1324 1773 et
1383 1709 1580 1774 verba
1641 1711 1734 1772 sic
1797 1707 2292 1794 distinguimus:
2357 1708 2574 1793 Itaque
2635 1731 2758 1772 cum
2828 1710 3101 1774 omnium

691 1814 960 1896 qentium
1004 1816 1078 1878 de
1126 1814 1224 1877 die
1268 1813 1700 1878 immortabibus
1747 1814 2012 1898 quamvis
2054 1814 2284 1877 incerta
2324 1813 2417 1893 (id
2457 1818 2588 1878 est:
2630 1819 2943 1899 quantum
2980 1818 3098 1880 vis

694 1922 937 1984 incerta
954 1967 971 1997 ‚
1043 1918 1154 1984 vel
1220 1922 1502 1984 maxime
1572 1922 1843 1998 incerta)
1905 1920 1988 1982 sit
2049 1919 2146 1982 vel
2204 1919 2366 1982 ratio
2426 1920 2523 1983 vel
2584 1919 2748 2000 oriqo
2765 1968 2782 1997 ,
2847 1927 3101 1984 mameae

699 2033 893 2089 tamen
921 2028 1113 2108 firma
1160 2025 1461 2089 consensio
1508 2024 1795 2088 neminem
1822 2025 1978 2110 fore
2025 2031 2197 2088 tamta
2243 2024 2504 2088 audacia
2553 2028 2672 2090 cet.

744 2221 751 2228 .
790 2266 843 2309 c.
896 2244 1001 2321 11,
1031 2242 1091 2308 5.
1142 2244 1398 2307 iniustos
1444 2245 1605 2326 ipsos
1648 2244 1839 2324 maqis
1883 2265 1989 2306 nec
2033 2243 2234 2307 laboro
2281 2243 2404 2306 iam
2452 2242 2646 2307 docui.
2695 2243 2795 2308 Ita
2839 2245 2908 2307 in
2945 2244 3094 2310 cod.

699 2354 1012 2435 scriptum
1073 2353 1190 2414 est.
1256 2347 1656 2415 Cornelissen
1718 2349 2174 2414 obscuritatem
2219 2351 2568 2414 sententiae
2617 2348 2886 2415 sustulit
2934 2353 3098 2414 scri-

697 2454 938 2521 bendo:
1010 2455 1265 2518 iniustos
1324 2454 1488 2536 ipsos
1550 2454 1742 2536 mayie
1802 2454 1896 2534 (id
1957 2459 2085 2518 est:
2148 2457 2385 2539 potius)
2452 2476 2558 2517 uec
2613 2454 2703 2517 ita
2749 2455 2921 2517 bonos
2963 2454 3102 2517 iam

700 2546 895 2624 docui.
944 2559 1067 2625 Sed
1115 2565 1258 2645 post
1304 2559 1561 2623 iniustos
1606 2559 1873 2645 languet
1919 2560 2012 2623 ita
2058 2558 2252 2623 bonos.
2302 2558 2467 2638 Quid
2514 2558 2840 2624 lucremur
2882 2559 3096 2624 Baeh-

698 2668 895 2733 rensii
954 2667 1357 2731 traiectione:
1425 2666 1682 2729 iniustos
1745 2667 1906 2749 ipsos
1968 2666 2155 2747 maqie
2174 2713 2191 2744 ‚
2254 2664 2374 2728 iam
2436 2665 2612 2727 docui
2629 2713 2647 2744 ,
2697 2687 2802 2728 nec
2848 2665 3055 2728 laboro
3075 2713 3094 2744 ,

696 2794 822 2838 non
890 2772 1188 2858 intelligo
1250 2792 1455 2856 neque
1518 2774 1831 2836 assentior
1887 2770 2123 2835 Vlietio
2183 2793 2290 2834 nec
2351 2772 2550 2836 laboro
2614 2768 2873 2835 delenti.
2941 2770 3094 2856 Ego

693 2877 909 2944 locum
948 2880 1441 2963 transpositione
1480 2880 1683 2942 trium
1723 2876 2183 2969 vocabulorum
2223 2879 2431 2941 sanari
2469 2880 2627 2961 puto
2645 2924 2662 2951 ,
2706 2876 2828 2942 hoc
2861 2873 3093 2941 modo:

700 2983 971 3047 Iniustoe
1035 2983 1200 3065 ipsos
1262 2987 1374 3062 (sc.
1437 2989 1597 3063 esse)
1659 2983 1783 3044 iam
1843 2982 2055 3059 docui,
2120 2983 2310 3063 maqis
2371 3004 2476 3045 uec
2538 2982 2739 3047 laboro
2758 3028 2775 3058 ,
2836 2980 2906 3045 id
2949 2986 3094 3047 est:

701 3107 905 3173 neque
950 3108 1102 3155 curo
1150 3087 1218 3151 id
1264 3086 1517 3172 planius
1564 3086 1804 3153 docere.

795 3309 846 3353 c.
903 3286 1007 3365 13,
1044 3288 1102 3352 l.
1183 3288 1547 3373 Quamquam
1607 3289 1663 3351 si
1713 3287 2205 3370 philosophandi.
2255 3286 2443 3350 libido
2491 3293 2578 3349 est
2595 3334 2610 3363 ,
2661 3286 2954 3349 Socratem
2995 3308 3101 3350 sa-

692 3394 971 3479 pientiae
1003 3395 1348 3477 priucipem
1386 3395 1633 3479 quisque
1666 3402 1924 3457 vestrum
1964 3400 2168 3456 tantus
2208 3399 2294 3456 eet
2310 3440 2327 3469 ,
2365 3392 2422 3455 ei
2450 3390 2759 3473 potuerit,
2799 3391 3095 3457 imitetur.

704 3499 775 3567 Si
842 3520 1029 3565 voces
1098 3507 1301 3564 tantus
1371 3508 1458 3563 eet
1518 3500 1844 3576 abessent,
1905 3519 2094 3563 nemo
2155 3497 2403 3582 aliquid
2451 3496 2854 3562 desideraret.
2902 3496 3098 3563 Nunc

706 3606 1053 3671 videndum
1113 3606 1268 3690 quid
1326 3608 1395 3669 in
1453 3608 1536 3670 iis
1594 3605 1814 3670 lateat.
1878 3604 2022 3669 Non
2083 3601 2267 3669 credo
2335 3623 2726 3687 quemquam
2772 3604 3054 3667 inveniri
3075 3651 3096 3681 ,

704 3713 818 3796 qui
860 3732 1009 3775 cum
1050 3708 1487 3776 Cornelisseno
1527 3710 1772 3776 iudicet
1808 3711 2045 3795 corrigi
2082 3730 2264 3794 posse
2303 3710 2388 3772 ad
2423 3708 2720 3772 amussim.
2763 3707 3100 3773 Verisimi-

705 3816 829 3881 lior
889 3822 987 3881 est
1047 3816 1407 3882 emendatio
1470 3816 1841 3883 Baehrensii
1887 3817 1999 3901 qui
2045 3817 2113 3879 in
2159 3814 2522 3900 parenthesi
2567 3815 2782 3898 ponit:
2831 3812 2991 3876 tanti
3034 3812 3100 3875 is

706 3929 813 3987 est.
884 3921 1007 3987 Sed
1070 3942 1143 3986 ea
1206 3922 1401 3987 verba
1459 3924 1677 4008 potius
1738 3920 2026 4006 ponenda
2073 3925 2282 3985 essent
2327 3925 2473 4004 post
2507 3918 2871 4001 prinoipem.
2946 3918 3098 3983 Non

706 4029 903 4092 nimis
946 4026 1137 4113 longe
1184 4048 1220 4092 a
1268 4027 1498 4092 codicis
1547 4028 1600 4091 P
1646 4030 1962 4112 scriptura
2001 4025 2296 4091 recedens
2336 4025 2574 4089 scribo:
2618 4024 2944 4108 quantulus
2982 4030 3094 4096 est,

709 4138 774 4198 et
820 4154 893 4198 ea
938 4155 1066 4198 non
1110 4133 1189 4197 ad
1238 4132 1565 4198 Socratem
1586 4182 1602 4209 ,
1650 4134 1762 4197 sed
1811 4132 1892 4197 ad
1937 4130 2182 4216 quisque
2227 4139 2482 4195 vestrum
2527 4130 2748 4195 refero.

800 4372 855 4416 c.
906 4348 1011 4427 13,
1040 4350 1102 4415 2.
1169 4351 1327 4433 quod
1387 4349 1691 4413 oraculum
1753 4350 1909 4413 idem
1971 4351 2102 4432 ipse
2135 4349 2481 4431 praesensit
2525 4348 2751 4412 ideirco
2797 4348 3099 4412 vaniversis

715 4478 835 4523 esee
881 4455 1315 4540 praepositum,
1378 4478 1495 4519 uon
1560 4458 1720 4541 quod
1777 4456 1974 4521 omnia
2021 4455 2425 4537 comperisset,
2473 4455 2580 4518 sed
2623 4456 2784 4538 quod
2825 4452 2991 4517 nihil
3032 4476 3100 4517 ee
