3351 5463
630 375 769 443 316
926 437 929 444 .
1557 459 1563 464 ι
1636 390 2010 442 Luoan'rms.

633 558 992 625 599-634
1050 563 1205 624 sunt
1262 558 1427 624 alius
1488 563 1789 636 naturae;
1853 558 1947 622 ibi
2011 557 2254 640 scilicet
2305 562 2493 643 poeta
2540 557 2722 623 docet
2763 560 3015 621 atomos

631 687 754 730 non
822 684 957 730 esse
1023 667 1325 729 minimas
1388 669 1599 749 partes
1623 711 1639 740 ,
1716 663 1826 728 sed
1887 665 2158 728 minima
2219 683 2480 749 corpora
2495 684 2536 742 3-
2577 664 2732 728 haec
2793 666 3014 728 autem

631 787 890 855 corpora
936 773 1427 835 consentaneum
1474 775 1571 833 est
1618 769 1850 833 habere
1888 789 2034 834 suas
2071 774 2282 854 partes
2298 817 2317 847 ‚
2357 791 2510 834 nam
2550 771 2845 854 quamvis
2883 771 3016 832 sint

630 896 829 962 parva
898 880 1114 941 tamen
1183 876 1421 940 habent
1489 873 1776 959 aliquam
1844 874 2362 961 magnitudinem
2435 880 2500 940 et
2567 875 2879 952 formam3
2941 876 3014 937 in

630 981 903 1068 singulis
950 983 1181 1046 atomis
1226 983 1454 1067 igitur,
1494 980 1647 1045 licet
1687 985 1825 1044 tam
1857 963 2090 1065 parvae
2131 983 2293 1058 sint,
2335 985 2410 1045 ut
2449 981 2740 1046 sensibus
2778 980 3014 1044 nostris

628 1086 903 1152 discerni
960 1108 1088 1152 non
1146 1089 1425 1172 possint,
1490 1091 1707 1151 tamen
1769 1093 1985 1158 mente
2045 1091 2110 1151 et
2157 1089 2554 1172 cogitatione*
2593 1085 3015 1150 discernimus

626 1197 839 1277 partes
856 1241 873 1270 ,
914 1211 1073 1276 quae
1111 1197 1263 1257 sunt
1300 1197 1585 1256 extrema
1622 1197 1687 1256 et
1727 1191 1963 1256 ultima
1999 1196 2072 1257 et
2102 1211 2308 1257 vacuo
2329 1192 2534 1276 spatio
2559 1193 3010 1256 terminantur.

717 1296 859 1362 Hae
918 1303 1131 1381 partes
1176 1302 1393 1363 tamen
1412 1323 1415 1326 ⁴
1436 1317 1550 1381 per
1598 1315 1665 1362 se
1713 1315 1846 1360 esse
1890 1317 2014 1361 non
2061 1300 2361 1380 possunt;
2411 1298 2504 1360 ita
2550 1295 2886 1360 cohaerent
2932 1299 3014 1358 ut

627 1401 807 1478 nullo
880 1403 1069 1468 modo
1146 1401 1371 1469 divelli
1450 1406 1688 1487 queant
1703 1423 1720 1480 3
1801 1422 1900 1466 res
1962 1404 2171 1487 igitur
2233 1423 2362 1466 non
2433 1400 2874 1467 dissolvuntur
2940 1401 3014 1462 in

626 1509 930 1586 minima,
997 1505 1289 1572 absoluto
1352 1527 1541 1572 sensu
1604 1507 1774 1572 dicta
1792 1554 1808 1583 ,
1873 1506 1985 1573 sed
2044 1510 2114 1572 in
2173 1509 2444 1572 minima
2464 1500 2468 1503 ’
2491 1526 2754 1592 corpora
2764 1545 2786 1584 -,
2837 1505 3008 1589 quod

626 1614 977 1678 necessario
994 1649 1001 1656 ·
1018 1615 1115 1677 i-ta
1158 1631 1293 1677 esse
1339 1612 1563 1677 deinde
1613 1611 2104 1694 demonstratur.

719 1717 895 1795 Quae
939 1719 995 1780 si
1040 1724 1209 1782 recte
1252 1719 1713 1802 interpretatus
1759 1738 1906 1782 sum
1923 1765 1940 1795 ‚
1975 1720 2121 1782 iam
2168 1721 2430 1803 apparet
2474 1717 2636 1782 nihil
2687 1737 2822 1782 esse
2868 1737 3014 1780 mu-

626 1821 915 1888 tandum.
979 1820 1471 1888 Coniunctiones
1535 1824 1772 1906 quibus
1829 1822 2086 1908 singula
2133 1828 2516 1910 argumenta
2561 1822 3010 1898 adnectuntur,

628 1929 747 1992 hoc
792 1927 982 1992 modo
1028 1948 1095 1994 se
1140 1929 1503 2013 excipiunt:

770 2063 777 2070 Φ
898 2069 1073 2162 Ego,
1102 2073 1107 2076 ’
1160 2075 1167 2082 ’
1452 2065 1639 2142 Bern.
1666 2076 1928 2142 Lachm.
1955 2075 2172 2142 Munr.
2447 2074 2732 2163 Brieger.

628 2181 759 2262 503
807 2196 1131 2283 Principio
1562 2196 1886 2282 Principio
2303 2197 2626 2283 Principio

548 2321 552 2326 ’
627 2300 756 2380 511
792 2383 797 2390 .
897 2287 1222 2387 praeterea
1506 2287 1511 2294 ’
1642 2310 1972 2386 praeterea
2375 2308 2700 2388 praeterea
2746 2307 2752 2312 '

628 2405 760 2471 520
898 2413 1043 2472 tum
1090 2427 1276 2491 porro
1648 2411 1790 2470 tum
1841 2426 2026 2492 porro
2391 2405 2536 2472 tum
2583 2428 2768 2494 porro

626 2511 758 2582 540
804 2512 1139 2578 Praeterea
1451 2583 1458 2587 ,
1604 2521 1611 2525 ’
1645 2517 1974 2597 praeterea
2177 2538 2186 2546 ·
2303 2512 2640 2579 Praeterea
2734 2590 2738 2596 Ι

625 2615 755 2681 551
898 2618 1168 2702 denique
1560 2607 1849 2710 Denique
2128 2607 2134 2612 ⁵
2393 2638 2580 2703 porro
2816 2615 3009 2699 (577)

556 2742 563 2746 ·
624 2722 754 2788 565
802 2722 950 2789 Huc
996 2722 1239 2788 accedit
1654 2723 1782 2788 huc
1829 2723 2070 2789 accedit
2396 2723 2668 2809 denique
2813 2721 3006 2804 (551)

625 2825 754 2895 577
892 2850 1080 2915 porro
1555 2828 1757 2893 Porro
2303 2828 2478 2909 (Huc
2502 2828 2767 2909 accedit)
2814 2827 3006 2909 (565)

624 2932 756 2999 584
894 2934 1164 3018 denique
1645 2934 1915 3020 denique
2203 2925 2208 2931 ’
2299 2934 2588 3020 Denique

623 3036 753 3103 599
802 3037 969 3103 Tum
1016 3023 1199 3124 porro
1554 3037 1724 3103 Tum
1767 3060 1955 3124 porro
2297 3039 2467 3104 Tum
2511 3061 2698 3125 porro

624 3143 754 3208 615
892 3150 1217 3229 praeterea
1644 3152 1972 3229 praeterea
2135 3146 2143 3153 ’
2392 3151 2717 3231 praeterea

623 3247 753 3313 628
892 3248 1163 3336 denique
1590 3248 1595 3254 ’
1644 3250 1915 3335 denique
2247 3338 2254 3343 .
2390 3250 2660 3335 denique

614 3428 621 3435 ·
708 3399 974 3486 Brieger
1016 3402 1109 3489 in‘
1130 3400 1612 3485 transponendis
1657 3420 1786 3469 vss.
1829 3397 2187 3467 577-583
2236 3401 2399 3465 mihi
2441 3400 2701 3466 -videtur
2737 3406 3003 3466 externa

619 3507 825 3589 specie
893 3504 1339 3570 similitudinis
1407 3506 1637 3569 duetus
1709 3524 1844 3571 esse
1860 3554 1877 3583 ,
1950 3506 2308 3595 neglexisse
2377 3527 2528 3572 vero
2589 3527 2796 3592 genus
2858 3509 3000 3573 sive

616 3615 915 3675 naturam
976 3613 1378 3695 argumenti,
1446 3631 1641 3696 quam
1703 3611 2040 3697 physicam
2101 3632 2236 3677 esse
2283 3632 2476 3696 supra
2524 3612 2659 3675 dixi
2673 3632 2689 3690 ;
2741 3633 2819 3677 ex
2865 3632 3000 3678 cor-

615 3737 805 3801 porea
850 3722 1077 3780 natura
1123 3722 1187 3781 et
1232 3716 1539 3800 qualitate
1577 3738 1794 3781 rerum
1833 3722 1910 3795 et,
1936 3723 2297 3783 atomorum
2335 3723 2522 3802 poeta
2557 3720 2998 3783 ratiocinatur.

616 3823 1038 3907 Perspicuum
1098 3828 1314 3887 autem
1346 3844 1351 3847 ·
1378 3828 1475 3886 est
1518 3824 1588 3885 in
1634 3844 1708 3887 eo
1758 3828 2137 3909 arg-‘umento
2185 3822 2356 3907 quod
2397 3823 2567 3907 apud
2612 3822 2998 3909 Briegerum

616 3928 932 3992 antecedit
978 3928 1103 4010 (vs.
1156 3925 1538 4008 540-550)
1585 3927 1712 3992 alia
1759 3932 2001 3993 ratione
2047 3914 2514 3993 conclusionem
2560 3949 2694 3993 esse
2733 3928 2993 3993 factam.

612 4031 759 4097 ¹Hoc
821 4035 1122 4117 quoniam
1183 4032 1473 4118 neglexit
1489 4081 1505 4109 ,
1568 4054 1800 4117 parum
1860 4036 2184 4119 perspexit
2245 4034 2386 4099 vim
2445 4036 2815 4119 argumenti
2863 4053 2994 4099 vss.

618 4135 996 4215 565-576,
1046 4139 1122 4203 de
1168 4156 1295 4223 quo
1333 4139 1488 4203 haec
1527 4124 1898 4204 adnotavit:
1943 4140 2309 4216 „continent
2345 4144 2806 4226 argumentum
2843 4138 2994 4203 inde

614 4244 884 4308 ductum
900 4291 917 4319 ‚
967 4244 1137 4328 quod
1181 4264 1281 4309 res
1329 4244 1543 4309 durae·
1568 4246 1903 4309 extiterint
1949 4246 2386 4329 existantqu03
2437 4243 2608 4328 quod
2655 4264 2997 4330 argumen-

615 4355 761 4414 tum
818 4368 1023 4433 neque
1080 4370 1230 4414 cum
1293 4351 1384 4413 eis
1444 4368 1606 4434 quae
1665 4350 2052 4435 praecedunt
2109 4370 2313 4435 neque
2361 4371 2512 4415 cum
2558 4352 2651 4415 eis
2691 4370 2852 4435 quae
2899 4371 2994 4415 so⁴

611 4461 901 4541 quuntur
960 4452 1094 4519 ullo
1156 4454 1411 4520 vinculo
1470 4457 1863 4534 continetur;
1914 4470 2078 4521 cum·
2108 4458 2200 4521 eis
2217 4504 2234 4534 ‚
2282 4462 2428 4522 ante
2472 4460 2634 4540 q'uae
2679 4452 2992 4521 collocavi
