3351 5463
730 399 864 472 226
1779 416 2066 471 nortus.

818 588 963 656 IIII.
1025 586 1131 652 58.
1199 585 1464 651 Pacorin'
1539 585 1780 650 Previro
1835 593 2090 667 «venitur
2133 587 2469 650 excubae?
2513 587 2746 668 siquam
2792 585 2939 651 bella·
2987 586 3102 650 Ba-

724 703 900 758 tamn
946 693 1117 758 dabit
1133 693 1169 756 f
1214 693 1462 758 Nomen
1506 695 1809 777 propium
1857 691 2204 757 delendum
2247 711 2491 757 censeo.
2539 691 2804 758 Treviro
2851 693 3103 777 opponi-

724 808 833 865 tur
856 801 1137 865 Batavus
1155 848 1170 876 ,
1198 798 1425 862 Tutori
1447 798 1711 862 Treviro
1735 797 2142 881 responderet
2161 795 2394 863 Civilis
2421 796 2718 862 Batavus.
2771 797 3100 862 Praeterea

730 908 784 968 si
830 905 1070 970 Vocula
1115 903 1457 969 Trevirum
1497 905 1754 967 nomine
1798 923 1912 966 suo
1954 903 2288 988 designare
2326 901 2670 980 voluisset,
2719 904 3102 967 nominasset

737 1010 1058 1074 Classicum
1076 1055 1090 1082 .
1140 1011 1252 1094 qui
1296 1009 1613 1094 dig-nitate
1662 1008 2003 1092 superabat
2048 1005 2292 1072 Iulium
2342 1007 2652 1074 Tutorem
2670 1055 2686 1085 ‚
2733 1013 2811 1073 ut
2849 1007 3105 1074 Tacitus

726 1116 983 1180 monuit
1042 1117 1110 1178 in
1170 1134 1306 1197 cap.
1356 1111 1465 1176 55.
1532 1112 1682 1178 Ideo
1745 1111 1962 1197 paullo
2028 1117 2174 1178 ante
2236 1109 2476 1178 Vocula
2537 1113 2694 1178 dicit
2745 1113 2993 1176 Civilem
3049 1116 3106 1173 et

735 1220 1061 1284 Classicum
1123 1217 1379 1284 Italiam
1436 1221 1772 1284 invasuros
1831 1222 1898 1282 et
1956 1220 2027 1282 in
2071 1238 2208 1302 cap.
2261 1214 2343 1282 75
2395 1215 2626 1284 Civilis
2673 1223 2741 1282 et
2789 1216 3103 1285 Classicus

728 1326 821 1390 ad·
854 1322 1180 1391 Cerealem
1216 1323 1526 1409 ,epistolas
1573 1325 1872 1388 mittunt.

1246 1932 1333 1979 AD
1379 1929 1721 1980 sornocms
1767 1929 2096 1978 annornm
2143 1931 2242 1981 vs.
2296 1913 2470 1981 1370
2498 1931 2590 1990 so.

813 2094 1136 2159 Electram
1196 2095 1410 2158 fratris
1472 2093 1713 2158 Orestis
1761 2093 1952 2158 modo
2002 2097 2209 2181 agniti
2256 2094 2554 2180 amplexu
2602 2096 2971 2160 haerentem
3015 2096 3099 2158 sic

690 2199 1070 2284 ⁴compellat
1114 2199 1560 2285 paedagogus:
1608 2199 1762 2261 eatis
1806 2198 1929 2260 iam
1975 2193 2278 2262 verborum
2295 2247 2310 2276 ‚
2342 2200 2551 2284 factis
2597 2222 2745 2281 opus
2760 2247 2778 2276 ‚

1693 2307 1792 2366 νῦν
1839 2305 2328 2381 Κλυταιμήστρα
2375 2303 2561 2379 μόνη·

1180 2413 1281 2474 νῦν
1329 2407 1491 2478 οὔτις
1540 2408 1762 2488 ἀνδρῶν
1813 2405 1992 2473 ἔνδον.
2043 2409 2094 2472 εἰ
2145 2407 2200 2471 δ’
2251 2406 2561 2487 ἐφέξετον,

1176 2513 1512 2593 φροντίζεθ’
1562 2517 1638 2585 ὥς
1687 2513 1924 2586 τούτοις
1971 2501 2039 2577 τε
2090 2514 2192 2578 καὶ
2243 2514 2606 2594 σοφωτέροις

1177 2618 1423 2684 ἄλλοισι
1468 2619 1695 2682 τούτων
1743 2621 2016 2684 πλείοσιν
2059 2619 2478 2699 μαχούμενοι.

722 2727 968 2807 Quibus
1026 2728 1121 2791 in-
1156 2725 1370 2791 verbis
1416 2719 1578 2788 οὖτοι
1624 2726 1893 2809 quinam
1941 2724 2234 2789 dicantur
2281 2746 2467 2789 nemo
2515 2745 2642 2790 non
2686 2724 2900 2803 videt,
2949 2730 3098 2791 sunt

720 2835 894 2897 enim
936 2835 1079 2916 ipsa
1124 2829 1590 2915 Clytaemestra
1632 2836 1701 2895 et
1747 2831 2098 2916 Aegisthus
2143 2829 2396 2895 sceleris
2444 2832 2684 2908 socius3
2748 2852 2955 2915 neque
3011 2834 3099 2895 in-

720 2936 985 3002 tellectu
1043 2934 1298 2999 difficile
1359 2940 1456 2999 est
1522 2935 1916 2999 adiectivum
1977 2936 2226 3006 τλείους
2246 2984 2262 3013 ,
2325 2956 2452 3019 quo
2500 2939 2672 3021 reg-is
2722 2938 3098 3021 reginaeque
3155 2994 3160 2999 ,

722 3041 1025 3120 δορυφόροι
1072 3038 1515 3126 significantur
1531 3058 1547 3116 3
1598 3038 1708 3103 sed
1754 3060 1866 3103 cur
1911 3042 2068 3125 ipsis
2116 3040 2392 3105 dominis
2431 3040 2755 3121 σοφώτεροι
2797 3044 3098 3105 vocentur

719 3145 788 3210 hi
835 3146 1227 3230 pedissequi,
1274 3164 1463 3209 nemo
1509 3143 1718 3209 dicere
1756 3147 1971 3230 potuit
2017 3148 2358 3229 poteritve.
2408 3145 2672 3211 Accedit
2720 3145 2892 3229 quod
2941 3147 3097 3209 mire

718 3250 1058 3335 displicent
1098 3250 1409 3314 adiectiva
1456 3249 1581 3314 duo
1628 3248 1961 3329 σοφώτεροι
2010 3254 2075 3315 et
2122 3252 2372 3321 πλείους
2419 3252 2510 3314 sic
2545 3253 2716 3315 inter
2755 3270 2821 3315 se
2859 3252 3094 3315 iuncta.

716 3357 1037 3441 Equidem
1097 3377 1222 3447 non
1276 3354 1499 3419 dubito
1547 3356 1701 3439 quin
1749 3355 1868 3421 hoc
1912 3354 2050 3419 loco
2100 3392 2184 3405 --
2233 3356 2301 3421 id
2349 3355 2516 3439 quod
2563 3354 2706 3419 aliis
2753 3354 2986 3421 multis
3032 3358 3096 3419 in

716 3467 903 3527 textu
960 3459 1310 3545 Sophocleo
1372 3480 1496 3524 usu
1556 3462 1804 3525 venisse
1848 3458 2108 3527 videtur
2155 3496 2246 3511 —
2293 3466 2480 3527 vetus
2523 3459 2752 3525 lacuna
2793 3462 3094 3546 imperite

716 3569 803 3629 sit
848 3565 1116 3650 expleta.
1168 3565 1403 3628 Poetae
1446 3566 1621 3629 enim
1665 3565 1863 3629 verba
1906 3585 2057 3629 cum
2103 3568 2194 3629 sic
2239 3565 2513 3629 fuissent
2557 3565 2827 3629 tradita:

1178 3678 1569 3733 ΤΟΤΤΟΙΣ
1619 3677 1734 3734 TE
1789 3715 1938 3735 ....
1989 3678 2129 3733 ΚΑΙ
2181 3714 2334 3735 ....
2387 3679 2618 3735 ΣΟΦΟ
2670 3716 2776 3745 ..,
2877 3682 2886 3693 “

713 3774 860 3839 inde
923 3779 1074 3838 nata
1134 3779 1285 3838 sunt
1346 3794 1506 3857 quae
1566 3775 1635 3837 in
1697 3773 1911 3838 codice
1957 3773 2386 3838 Laurentiano
2433 3780 2674 3840 extant.
2747 3773 3089 3860 Sophocles

716 3881 1051 3965 scripserat
1066 3926 1085 3955 ,
1134 3880 1259 3941 nisi
1307 3876 1529 3942 fallor:

1168 3982 1402 4060 τούτοις
1450 3994 1527 4047 τε
1568 3990 1842 4061 (τοῖς)
1895 3983 2266 4061 <κοοΙ>νειν
2315 3993 2529 4063 σοφοῖς

1168 4093 1303 4165 (a)
1352 4088 1600 4152 ἄλλοισι
1652 4087 1880 4151 τούτων
1932 4090 2205 4152 πλείοσιν

713 4192 772 4257 ἂι
832 4217 958 4257 cum
1018 4194 1155 4256 istis
1200 4194 1456 4257 necandi
1488 4194 1715 4275 peritis
1763 4229 1849 4242 —-
1895 4197 2077 4259 cuius
2125 4198 2278 4259 artis
2324 4176 2698 4260 tirocinium
2741 4197 2811 4258 in
2858 4198 3091 4261 misero

713 4304 924 4364 vestro
971 4304 1148 4383 patre
1194 4306 1544 4383 posuerunt
1592 4336 1678 4348 —
1725 4307 1782 4362 et
1827 4322 1955 4363 cum
2002 4300 2222 4364 crebris
2269 4324 2466 4365 eorum
2512 4300 2772 4365 asseclis.

2659 4435 2718 4500 J.
2763 4452 2828 4499 v.
2881 4436 2954 4501 L.
