3351 5463
741 340 827 408 46
1729 355 2119 406 usomms.

738 543 968 607 parum
1033 520 1241 606 placet
1308 520 1560 585 πέπλων
1628 521 1965 600 οὶνέορτος”.
2037 522 2305 586 Prorsus
2376 525 2686 587 assentior
2745 523 3123 610 Blaydesio.

737 627 896 692 Vide
966 647 1126 712 quae
1193 629 1417 711 scripsi
1487 625 1801 692 Mnemos.
1869 624 2048 704 XXI,
2099 625 2205 703 94,
2278 627 2391 692 ubi
2460 626 2659 691 simul
2724 630 3125 716 impugnavi

738 731 1093 798 Weckleini
1131 735 1561 797 coniecturam
1596 729 1837 811 ἄφαρος
1878 754 1992 818 pro
2027 729 2318 811 ἄκληρος,
2353 733 2520 817 quod
2548 733 3123 814 ἔσχατοβάρβαρον

738 839 1057 915 dicebam,
1122 841 1273 922 quia
1333 859 1372 902 a
1434 840 1630 915 Φόἑρος
1682 843 1757 917 (e.
1807 837 2030 917 φοὶρος)
2077 838 2339 903 formari
2385 841 2599 924 potuit
2649 842 2937 918 αφαρής,
2985 863 3123 905 non

737 942 999 1023 ἄφαρος.
1072 941 1168 1007 Ne
1237 942 1642 1028 Hesychiana
1714 943 1970 1027 quidem
2041 943 2258 1029 glossa
2330 942 2676 1024 ἄΦαροι·
2748 947 3119 1024 ανείματοι,

736 1047 1037 1113 ανένδυτοι
1097 1067 1250 1112 sana
1293 1047 1570 1125 videtur,
1622 1047 1733 1112 sed
1781 1047 2148 1134 refingenda
2196 1051 2266 1111 in
2314 1051 2535 1128 ἄφαρ
2556 1075 2583 1112 ε
2604 1057 2697 1120 ῖς.
2758 1049 3117 1128 Dindorfii‚

733 1156 846 1239 qui
889 1153 1149 1232 ἄκληρος
1197 1151 1517 1238 glossema
1561 1173 1696 1218 esse
1742 1154 1942 1231 vidit,
1992 1155 2289 1240 vestigiis
2335 1156 2636 1219 insistens
2684 1157 3055 1240 suspicabar

918 1259 1289 1322 παλλεύκων
1335 1261 1397 1324 δὲ
1450 1257 1703 1322 πέπλων
1754 1259 2229 1338 <παν>οέμοιρος
2282 1260 2579 1337 <scanzo
2628 1260 2913 1340 ἐτύχθην.

826 1475 1018 1541 Eum.
1068 1473 1200 1540 353
1429 1476 1726 1553 δωμάτων
1773 1477 1899 1554 γὰρ
1950 1474 2215 1553 εἱλόμαν

1429 1582 1781 1660 ἀνατροπὰς
1834 1575 1981 1644 ὅταν
2026 1579 2216 1660 ’Ἄρης

1426 1688 1762 1758 τιθασὸς
1813 1687 1889 1751 ὧν
1937 1689 2121 1765 Φίλαν
2168 1683 2298 1766 ἕλη.

734 1790 840 1856 Sic
877 1792 1112 1878 corrigi
1150 1791 1312 1855 solet
1350 1791 1582 1857 codicis
1619 1792 1809 1857 lectio
1849 1792 2123 1861 πιθασος.
2153 1790 2483 1856 Wecklein
2526 1792 2725 1869 „Ares
2764 1795 2833 1857 in
2854 1793 3118 1858 zahmer

734 1893 1020 1973 Gestalt,
1086 1896 1145 1959 d.
1192 1896 1258 1960 h.
1306 1919 1489 1962 wenn
1532 1898 1711 1962 nicht
1756 1896 1993 1961 Feinde
2040 1898 2134 1959 im
2181 1896 2457 1982 Kriege,
2508 1897 2773 1962 sondern
2819 1897 3115 1966 Freunde

733 2000 1117 2081 (Verwante)
1170 2024 1248 2065 zu
1295 2001 1512 2068 Hause
1560 2003 1668 2067 das
1716 2002 1875 2067 Blut
1919 2023 2047 2067 von
2094 2002 2424 2067 Freunden
2474 2006 2835 2090 vergiessen
2852 2002 2922 2068 ‘I'’
2972 2003 3112 2084 Quo

732 2113 948 2172 tamen
992 2110 1132 2171 iure
1180 2108 1494 2172 eiusmodi
1530 2106 1708 2172 Mars
1746 2113 2083 2170 mansuetus
2121 2107 2246 2172 dici
2285 2111 2604 2193 potuerit,
2645 2109 2810 2173 mihi
2848 2111 3111 2194 quidem

733 2215 1074 2279 obscurum
1129 2220 1243 2276 est.
1308 2213 1621 2298 Expectes
1683 2215 1898 2298 potius
1962 2215 2249 2293 μιαρὸς
2300 2213 2405 2278 vel
2453 2215 2811 2296 μυσαρὸς
2873 2215 2948 2280 ὢν
2998 2222 3111 2281 aut

735 2342 950 2399 μιαρο-
997 2324 1509 2400 (μυσαρο-)Φρων.

823 2523 1017 2590 Eum.
1068 2522 1200 2590 392
1247 2523 1468 2600 θεσμὸν
1515 2523 1614 2587 τὸν
1664 2523 2090 2605 μοιρόκραντον
2138 2525 2205 2587 ἔκ
2255 2523 2396 2587 θεῶν

1252 2630 1586 2694 δοθέντα
1635 2629 1951 2709 τέλεον;

732 2734 1085 2800 Scholiasta
1150 2737 1262 2820 qui
1327 2738 1790 2821 interpretatur
1849 2736 1951 2800 τὸν
1994 2773 2078 2784 -
2122 2760 2157 2798 τ
2174 2760 2202 2799 ε
2222 2759 2258 2798 τ
2276 2760 2305 2799 ε
2325 2748 2363 2798 λ
2384 2759 2413 2798 ε
2431 2760 2465 2799 σ
2484 2759 2533 2811 μ
2553 2734 2627 2799 έν
2644 2760 2671 2800 ο
2690 2760 2717 2798 ν
2736 2782 2753 2813 ,
2816 2735 2961 2801 vide
3027 2758 3104 2802 ne

730 2839 962 2928 legerit
1007 2842 1348 2905 τεθέντα
1398 2840 1708 2905 τέλεον.

821 3058 1012 3123 Eum.
1055 3056 1185 3123 445
1227 3060 1362 3123 οὐκ
1408 3059 1575 3135 εἰμὶ
1624 3058 2260 3141 προστρόπαιος,
2312 3058 2430 3123 οὐδ’
2481 3058 2639 3138 ἔχων
2688 3057 2882 3136 μύσος

1229 3170 1372 3244 πρὸς
1419 3166 1576 3244 χειρὶ
1628 3167 1796 3243 τήμῇ
1847 3163 1917 3229 τὸ
1966 3164 2067 3228 σὸν
2116 3164 2422 3246 ἐφεζόμην
2472 3164 2725 3244 βρέτας.

731 3268 934 3335 Miror
979 3272 1335 3347 neminem,
1379 3270 1547 3355 quod
1586 3271 1813 3347 sciam,
1853 3272 1923 3333 in
1962 3270 2065 3333 his
2104 3270 2314 3335 verbis
2348 3269 2659 3347 haesisse,
2701 3291 2852 3334 cum
2890 3275 3102 3334 tamen

731 3377 1146 3442 manifestum
1223 3379 1310 3440 sit
1385 3374 1674 3441 Orestem
1736 3396 1802 3439 se
1864 3375 2194 3441 Minervae
2255 3375 2613 3460 supplicem
2674 3396 2809 3439 esse
2872 3397 3101 3462 negare

729 3503 854 3546 non
899 3484 1204 3566 potuisse.
1267 3480 1390 3545 Sed
1436 3502 1666 3567 negare
1715 3482 1929 3565 potuit
1977 3500 2041 3544 se
2090 3479 2310 3545 eadem
2356 3483 2601 3545 ratione
2647 3501 2771 3565 qua
2816 3481 3100 3546 Ixionem

731 3588 870 3671 (qui
928 3586 1215 3651 nondum
1275 3592 1589 3674 purgatus
1650 3590 1810 3664 erat)
1872 3584 2087 3650 sedere
2147 3584 2521 3670 supplicem.
2586 3586 2879 3651 Minerva
2932 3588 3099 3652 enim

728 3691 919 3756 modo
958 3712 1051 3757 vs·
1093 3690 1221 3755 441
1267 3714 1419 3757 eum
1453 3697 1794 3757 vocaverat
1834 3692 2053 3768 σεμνὸν
2093 3690 2429 3769 προσίκτορ”
2468 3691 2527 3753 ἕν
2567 3692 2803 3771 τρόποις
2845 3689 3098 3765 Ἰξίονος.

727 3796 867 3862 Iam
929 3817 1081 3862 vero
1139 3802 1254 3863 aut
1315 3799 1530 3863 omnia
1593 3818 1700 3861 me
1760 3796 1996 3863 fallunt
2056 3803 2171 3862 aut
2231 3801 2419 3881 poeta
2477 3794 2766 3861 Orestem
2818 3796 2973 3863 fecit
3014 3817 3102 3860 re-

732 3902 1176 3986 spondentem:

1227 4004 1771 4086 ἄνασσ””Λθοὶνα,
1819 4015 2047 4088 πρῶτον
2100 4009 2164 4072 ἐκ
2211 4014 2328 4071 τῶν
2376 4006 2653 4071 ὑστάτων

1224 4119 1343 4177 τῶν
1390 4120 1503 4178 σῶν
1556 4113 1711 4178 ἐπῶν
1757 4114 1993 4191 μέλημ’
2042 4115 2366 4193 ἀφαιρήσω
2414 4113 2616 4190 μέγα.

1225 4219 1305 4282 οὐ
1353 4218 1583 4283 τοῦδέ
1631 4220 1703 4294 γ’
1750 4220 1825 4281 ἐν
1871 4218 2293 4297 τρόποισιν
2340 4218 2464 4284 οὐδ’
2512 4218 2675 4299 ἔχων
2721 4219 2913 4294 μύσος

1225 4324 1368 4402 πρὸς
1418 4325 1574 4402 χειρὶ
1626 4326 1794 4403 τήμῇ
1842 4324 1910 4387 τὸ
1959 4323 2061 4387 σὸν
2109 4323 2418 4406 ἐφεζόμην
2465 4323 2719 4404 βρέτας.

731 4426 839 4497 vel
881 4426 1118 4493 leniore
1160 4428 1476 4496 remedio:
1523 4432 1674 4510 οὐχ
1722 4425 1860 4493 ὦδε
1909 4431 2515 4511 προστρόπαιος
2566 4442 2706 4493 κτλ.
