3351 5463
677 352 810 420 288
1618 371 2118 420 Ams‘l’ol‘flnms.

766 536 951 618 χωρὶς
983 532 1268 603 ἕκαστον·
1302 534 1445 621 κᾷτ’
1476 536 1603 602 άπὸ
1628 535 1856 603 τούτων
1880 534 2128 602 πάντων
2165 537 2250 603 τὸ
2292 535 2638 617 κάταγμ
2660 563 2702 603 α
2734 537 3058 619 λαβόντας

764 644 932 722 δεῦρο
977 643 1270 723 ξυνάγειν
1317 644 1448 709 κτέ.

674 748 918 815 Melius
954 755 1123 815 certe
1159 749 1435 837 Blaydes
1474 771 1549 812 τι
1588 773 1625 813 κ
1644 746 1688 813 ά
1705 773 1743 812 τ
1759 773 1802 813 α
1820 773 1865 828 7
1884 773 1935 826 μ
1955 772 1996 812 α
2038 750 2299 816 rescribi
2335 752 2526 816 iussit
2563 751 2757 836 idque
2796 753 3063 819 fortasse

675 854 909 920 sufficit
929 903 945 932 ,
1016 855 1171 921 licet
1237 855 1391 920 haec
1461 854 1751 920 eiusdem
1812 853 2114 920 vocabuli
2176 857 2245 919 in
2307 855 2531 921 eadem
2592 857 2740 922 sede
2785 858 3062 923 duorum

674 982 984 1028 versuum
1044 964 1494 1051 contiguorum
1556 963 1727 1047 apud
1774 967 2034 1047 poetam
2077 983 2282 1027 unum
2331 965 2623 1028 omnium
2667 962 3064 1050 elegantissi-

675 1088 862 1134 mum
898 1069 1253 1153 suspicione
1290 1070 1671 1152 neutiquam
1711 1074 1922 1132 careat
1939 1116 1955 1145 ,
1999 1089 2150 1133 cum
2188 1071 2566 1153 praesertim
2601 1069 2786 1134 facile
2812 1074 3060 1156 posset:

1052 1169 1198 1257 κᾷτ’
1248 1172 1373 1236 άπὸ
1423 1172 1650 1266 τούτων
1699 1172 1951 1237 πάντων
1997 1172 2027 1236 ἔ
2043 1174 2132 1253 ρι’
2183 1170 2400 1237 ἄττα
2448 1173 2772 1252 λαβόντας
2823 1190 2965 1240 κτλ.

765 1386 873 1453 Vs.
924 1387 1077 1455 698.

857 1496 944 1573 οὒ,
972 1494 1097 1573 γὰρ
1147 1493 1324 1561 ἔσται
1371 1489 1651 1573 δύναμις,
1703 1492 1828 1558 οὐδ’
1878 1493 1949 1569 ἣν
1996 1491 2254 1566 ἑπτάκις
2308 1495 2382 1559 σὺ
2431 1497 2718 1578 ψηφίσῃ,

854 1595 1055 1676 ὅστις,
1107 1596 1149 1664 ὦ
1196 1599 1461 1678 δύστην’,
1511 1599 1808 1679 άπῆχθου
1857 1603 2017 1663 πᾶσι
2066 1607 2192 1672 τοῖς
2243 1600 2557 1677 γείτοσιν·

859 1702 953 1769 ὥσ
975 1729 1058 1769 τε
1105 1707 1414 1786 κάχθὲς
1456 1707 1691 1789 θήκάτῃ
1737 1708 1998 1770 ποιοῦσα
2044 1704 2351 1783 παιγνίαν
2399 1706 2521 1784 ἐγὼ

859 1819 1033 1876 ταῖσι
1082 1812 1262 1880 παισὶ
1310 1815 1420 1889 τῆν
1468 1813 1719 1892 ἑταίραν
1768 1811 2020 1876 ἕκάλεσ’
2071 1813 2139 1876 ἑκ
2187 1814 2303 1876 τῶν
2351 1812 2638 1890 γειτόνων

862 1917 1069 1983 παῖδα
1112 1921 1389 1998 χρηστῆν
1438 1919 1824 1998 κάγαπητῆν
1873 1919 1943 1982 ἐκ
1991 1925 2256 1983 Βοιωτῶν
2307 1915 2618 1999 ἔγχελυν·

861 2014 930 2088 οἳ
972 2023 1051 2088 δὲ
1098 2024 1371 2101 πέμψειν
1418 2026 1526 2089 οὐκ
1574 2021 1851 2102 ἔφασκον
1899 2022 2001 2089 δια
2049 2023 2133 2088 τὰ
2181 2024 2266 2088 σα
2311 2023 2736 2106 ψηφίσματα.

678 2128 779 2193 En
823 2128 1101 2195 notabile
1146 2129 1519 2215 exemplum
1565 2150 1797 2215 parum
1833 2128 2081 2215 logicae
2123 2132 2596 2214 compositionis
2615 2179 2631 2208 ,
2674 2151 2834 2215 quae
2873 2133 3062 2197 inter-

680 2233 839 2299 dum
897 2236 1182 2300 nascitur
1243 2256 1278 2300 e
1336 2237 1725 2321 paratactica
1787 2235 2101 2299 scribendi
2163 2237 2408 2300 ratione
2427 2283 2441 2310 ‚
2510 2257 2637 2321 qua
2685 2233 2918 2302 Graeci
2963 2241 3061 2303 uti

680 2339 982 2406 solebant.
1031 2341 1175 2405 Non
1221 2343 1394 2406 enim
1437 2343 1798 2406 vicinorum
1847 2340 2069 2405 odium
2112 2342 2181 2405 in
2229 2341 2648 2407 Athenienses
2687 2361 2878 2408 causa
2915 2343 3058 2421 fuit,

680 2447 924 2532 opinor,
984 2449 1062 2510 ut
1121 2444 1500 2512 muliercula
1557 2445 1670 2511 illa
1687 2495 1704 2524 ,
1754 2466 1914 2531 quae
1958 2444 2266 2531 loquitur,
2318 2446 2676 2534 anguillam
2723 2469 2756 2513 e
2804 2448 3061 2515 Boeotia

678 2556 923 2636 peteret
942 2599 960 2630 ‚
1024 2551 1132 2616 sed
1193 2556 1270 2617 ut
1329 2551 1555 2616 Boeoti
1617 2553 1877 2617 mittere
1938 2556 2325 2617 recusarent.
2375 2551 2598 2638 Itaque
2639 2551 2856 2640 logica
2899 2557 3059 2620 ratio

680 2655 1047 2743 postulabat
1092 2662 1170 2722 ut
1214 2662 1403 2744 poeta
1450 2657 1761 2723 scriberet

861 2759 1025 2829 ὥσθ’
1075 2761 1180 2829 ὅτ’
1232 2764 1469 2845 ἐχθὲς
1519 2802 1606 2814 -
1656 2762 1932 2830 ἐκάλεσα
1980 2802 2066 2815 -
2116 2755 2412 2847 ἔγχελυν,

864 2865 941 2934 οἵ
945 2868 1023 2934 δε
1072 2868 1347 2950 πέμψειν
1396 2871 1501 2935 οὐκ
1552 2867 1828 2952 ἔφασκον
1877 2870 1979 2936 δια
2025 2871 2111 2936 τοὶ
2159 2872 2244 2936 σοὶ
2291 2870 2713 2953 ψηφίσματα.

683 2973 855 3043 Cave
894 2980 1112 3040 tamen
1149 2978 1241 3040 ita
1280 2977 1597 3062 corrigam
1640 2982 1970 3043 auctorem
2008 2980 2180 3043 enim
2221 2980 2566 3064 corrigeres
2597 3000 2722 3043 non
2748 2977 3059 3045 librarios.

684 3081 869 3163 Quod
916 3083 1199 3147 tironum
1246 3101 1435 3147 causa
1479 3103 1728 3149 moneo.

771 3292 876 3359 Vs.
926 3291 1079 3361 753.

794 3400 949 3488 Lys.
993 3400 1057 3466 τί
1102 3400 1262 3474 δῆτα
1309 3400 1545 3477 ταύτην
1594 3398 1877 3487 (galeam
1923 3405 2036 3480 sc.)
2084 3396 2295 3479 εἷχες;
2360 3398 2532 3466 Mul.
2584 3398 2681 3465 111
2740 3396 2841 3465 ἵνα
2887 3402 2960 3479 μ’
3008 3401 3057 3467 εἰ

2698 3504 3060 3585 καταλάβοι

1000 3612 1029 3679 ὁ
1076 3610 1249 3685 τόκος
1291 3609 1380 3676 ἔτ’
1431 3611 1491 3676 ἐν
1539 3609 1760 3695 πόλει,
1804 3609 2041 3688 τέκοιμ’
2091 3612 2151 3683 ἐς
2199 3611 2310 3686 τῆν
2355 3618 2536 3686 κυνῆν

1002 3718 1257 3798 ἐσβᾶσα
1299 3718 1558 3796 ταύτην,
1610 3711 1808 3798 ὥσπερ
1857 3718 1924 3783 αί
1971 3715 2340 3797 περιστεραί.

798 3824 954 3911 Lys.
1002 3823 1067 3889 τί
1110 3823 1319 3903 λέγεις
1337 3844 1355 3903 ;
1406 3822 1815 3905 προφασίζει·
1863 3828 2172 3903 περιφανῆ
2220 3821 2305 3888 τὰ
2356 3822 2745 3902 πράγματα.

1004 3931 1069 3994 οὔ
1118 3928 1555 4010 τάμφιδρόμια
1605 3935 1746 4003 τῆς
1793 3938 2030 4005 κυνῆς
2077 3931 2269 3999 αὐτοῦ
2315 3936 2558 4007 μενεῒς;

686 4037 1095 4123 Ineptissime
1156 4036 1403 4102 dictum
1462 4034 1896 4118 τάμφιδρόμια
1960 4043 2071 4109 τῆς
2134 4044 2311 4111 κυνῆς
2329 4083 2350 4114 ,
2412 4056 2538 4100 non
2598 4036 2776 4099 enim
2836 4034 3065 4100 mulier

690 4142 923 4222 ἔμελλε
982 4142 1213 4208 τίκτειν
1268 4144 1378 4218 τῆν
1425 4150 1623 4221 κυνῆν,
1674 4141 1785 4208 sed
1833 4142 1916 4211 εἷς
1961 4143 2072 4215 τῆν
2120 4148 2320 4216 κυνῆν.
2367 4139 2438 4206 Si
2482 4140 2637 4226 quid
2682 4140 2903 4221 viden,
2952 4150 3059 4216 τῆς

691 4256 868 4325 κυνῆς
930 4251 1311 4336 perversum
1371 4251 1467 4312 est
1524 4253 1639 4312 aut
1699 4245 2022 4334 glossema
2073 4253 2188 4311 aut
2231 4245 2495 4311 lacunae
2540 4244 3058 4331 supplementum

691 4356 973 4445 petitum
1018 4376 1053 4419 e
1098 4353 1519 4441 praegressis,
1566 4356 1758 4436 poeta
1800 4370 1950 4416 vero
1997 4349 2256 4416 dederat
2302 4356 2416 4415 aut

1008 4460 1074 4525 οὗ
1120 4456 1561 4541 τάμφιδρόμια
1606 4459 1764 4538 (τοῦ
1809 4454 2130 4536 βρέφους)
2179 4458 2368 4523 αὑτοῦ
2415 4462 2621 4536 μενεῖς
2637 4478 2655 4537 ;
