3351 5463
680 380 762 449 17
769 381 810 445 4
1536 403 2185 453 onsnnvsrwnomn

680 569 715 652 ξ
745 566 779 631 1
831 567 909 631 D.
932 566 1039 632 36.
1067 566 1155 648 3).
1201 568 1370 633 Nam
1411 571 1577 634 circa
1611 572 1681 634 in
1720 592 1856 635 rem
1895 573 2172 635 actiones
2211 592 2465 656 quoque
2502 592 2615 656 pro
2639 571 3052 637 translatione

672 678 902 737 mutua
949 676 1161 739 cautio
1208 673 1603 740 desideratur
1648 675 1718 757 (1.
1770 675 1809 741 6
1857 677 1960 761 §6
2006 676 2082 741 D.
2137 674 2392 755 37.10;
2434 658 2650 743 'PauL
2697 678 2730 742 I
2779 677 2858 743 11
2911 678 3047 762 §13

673 777 906 855 Lenel,
971 781 1081 841 das
1138 778 1348 845 Edict.
1396 802 1573 866 perp.
1622 804 1683 865 p.
1735 780 1867 847 382
1916 788 2047 847 not.
2099 781 2187 862 4).
2237 781 2645 847 Transfertur
2693 782 2966 867 denique
3013 803 3051 847 a

671 905 928 969 corpora
985 875 1367 950 hereditaria
1424 889 1593 951 iuste
1653 887 2013 971 possidente
2075 886 2155 951 ad
2217 907 2367 951 eum
2414 890 2724 972 possessio
2743 922 2772 965 ,·
2811 891 2926 973 qui
2973 886 3052 953 esx

668 990 875 1057 edicto
916 994 1173 1075 petierit
1212 992 1525 1057 bonorum
1564 996 2023 1077 possessionem
2043 1041 2058 1069 ,
2107 995 2290 1057 cuius
2335 996 2430 1057 rei
2475 996 2688 1079 gratia
2733 1012 3054 1079 compara-

668 1103 813 1159 tum
860 1102 957 1161 est
1002 1096 1419 1161 interdictum
1467 1120 1783 1182 quornm
1827 1099 2230 1175 bonorum,
2271 1119 2386 1163 nec
2420 1100 2770 1183 quaeritur,
2819 1104 3050 1162 utrum

664 1201 1085 1265 hereditatem
1144 1203 1434 1266 evincere
1494 1206 1694 1287 possit
1755 1206 1845 1279 is,
1913 1207 2018 1267 cui
2065 1206 2374 1287 possessio
2424 1206 2696 1287 eripitur
2725 1202 2796 1284 ¹),
2851 1224 3051 1288 eaque

667 1329 857 1373 causa
901 1314 1030 1385 est,
1081 1329 1194 1372 cur
1238 1330 1513 1392 quorum
1560 1310 1872 1374 bonorum
1917 1310 2334 1374 interdictum
2370 1308 2764 1394 Symmacho
2803 1310 3055 1375 dicatur

665 1413 957 1477 indicium
1018 1416 1091 1477 de
1140 1415 1516 1496 possessione
1559 1416 1945 1479 successionis
1969 1416 2043 1494 2).
2093 1416 2392 1494 Quaestio
2441 1415 2685 1481 scilicet
2731 1417 3050 1481 bonorum

666 1522 1077 1605 possessionis
1141 1521 1219 1583 ab
1264 1522 1613 1585 intentione
1658 1521 2032 1586 hereditatis
2081 1528 2431 1606 separatur,
2485 1522 2923 1605 obtinebitque
2961 1524 3056 1586 in-

666 1626 936 1691 terdicto
1006 1628 1204 1689 etiam
1276 1628 1387 1709 qui
1444 1627 1575 1689 sine
1634 1650 1700 1690 re
1760 1630 2092 1711 acceperit.
2160 1625 2333 1691 Huic
2395 1626 2734 1691 interdicto
2765 1648 3057 1711 ·prorsus

668 1731 925 1797 similia·
978 1734 1450 1815 promittuntur
1509 1732 1850 1797 interdicta
1914 1735 2329 1815 temporaria,
2393 1731 2460 1795 id
2521 1737 2617 1796 est
2677 1735 2848 1797 intra
2908 1732 3056 1797 idus

667 1838 939 1903 Martias
984 1839 1224 1923 primas
1243 1884 1259 1913 ,
1312 1834 1701 1903 Gracchanis
1749 1838 2216 1924 possessoribus
2262 1836 2726 1922 heredibusque
2773 1844 2838 1902 et
2883 1858 3058 1922 emp—

666 1944 914 2009 toribus
962 1964 1186 2007 eorum
1225 1945 1432 2009 tribus
1470 1944 1766 2029 capitulis
1806 1944 1973 2030 legis
2015 1946 2337 2029 agrariae,
2379 1964 2544 2027 quae
2583 1948 2863 2008 aetatem
2904 1942 3057 2007 tulit

665 2056 788 2129 (vs.
842 2045 1059 2131 15-1‘7,
1111 2049 1198 2114 23
1226 2057 1367 2134 sq.)‚
1418 2057 1492 2114 ut
1540 2050 1619 2115 ad
1666 2072 1732 2115 se
1780 2050 2162 2114 transferant
2209 2051 2702 2133 possessionem,
2751 2048 2908 2114 licet
2955 2048 3057 2113 ad-

663 2158 983 2221 versarius
1030 2158 1317 2221 evincere
1364 2158 1599 2243 possit,
1644 2155 1907 2221 dicendo
1946 2176 2069 2219 usu
2109 2176 2174 2219 se
2212 2156 2450 2239 cepisse
2479 2152 2551 2235 3).
2601 2154 2704 2218 Ad
2739 2154 3057 2219 bonorum

664 2282 1089 2346 possessorem
1134 2266 1209 2325 ut
1256 2260 1673 2325 transferatur
1720 2263 2065 2345 possessio,
2120 2266 2370 2345 oportet
2414 2259 2578 2324 nihil
2617 2259 2832 2325 deesse
2870 2261 3060 2327 bono-

664 2389 811 2432 rum
858 2368 1271 2451 possessioni,
1323 2372 1586 2449 excepta
1632 2387 1823 2431 causa
1872 2365 2250 2432 Carboniani
2300 2365 2523 2443 edicti,
2567 2366 2736 2451 quod
2774 2367 3058 2431 remittit

662 2473 986 2558 impuberi
1003 2520 1018 2549 ,
1068 2475 1181 2556 qui
1229 2493 1295 2536 se
1340 2472 1625 2537 defuncti
1671 2471 1881 2536 filium
1929 2472 2121 2547 dicit,
2171 2474 2422 2556 generis
2462 2471 2902 2555 probationem
2919 2518 2935 2547 ,
2980 2474 3058 2535 ut
3117 2454 3126 2461 ’

662 2599 983 2663 possessor
1028 2580 1458 2643 constituatur
1483 2580 1553 2658 ⁴).
1615 2577 1703 2641 Et
1749 2578 1902 2641 haec
1950 2577 2213 2661 quidem
2259 2599 2293 2642 e
2340 2580 2622 2662 genuina
2669 2583 2823 2641 sunt
2867 2579 3058 2641 iuris-

660 2685 1018 2770 prudentia.
1066 2683 1165 2748 Ex
1212 2686 1556 2749 recentiore
1602 2682 1915 2768 quaedam
1961 2682 2107 2747 addi
2149 2687 2439 2768 possunt.
2488 2680 2648 2746 Vult
2689 2679 3053 2748 Constanti-

661 2813 782 2856 nus
820 2794 888 2854 in
926 2793 1266 2874 petitorem
1305 2790 1631 2854 transferri
1656 2792 1710 2869 ⁵)
1732 2795 2107 2865 momentum,
2147 2789 2215 2852 id
2239 2796 2335 2852 est
2358 2790 2858 2872 possessionem,
2899 2787 3055 2852 licet
3145 2795 3158 2804 ‘

659 2895 908 2981 prolata
969 2897 1367 2960 auctoritatis
1412 2897 1842 2959 instrumenta
1885 2894 2044 2959 falsa
2091 2893 2384 2958 dicantur
2409 2894 2482 2974 ⁶).
2548 2893 2734 2957 Hanc
2779 2914 2912 2957 non
2959 2914 3056 2985 re-

662 3005 830 3086 cepit
893 3003 1416 3067 constitutionem
1476 3000 1872 3065 Iustinianus
1891 3048 1907 3078 ,
1973 2999 2081 3064 sed
2143 3021 2222 3064 ne
2269 2998 2498 3084 Magni
2540 2997 2803 3082 quidem
2852 2997 3059 3063 Theo·

727 3219 777 3278 1)
812 3217 909 3266 Cic.
948 3219 1090 3266 Verr.
1126 3216 1195 3269 ΙΙ.
1235 3216 1277 3264 1.
1297 3217 1363 3264 45
1396 3215 1556 3276 5116.
1591 3241 1657 3250 —
1696 3212 1960 3276 Possessori
1993 3227 2090 3262 uon
2124 3211 2428 3276 permittitur
2459 3210 2749 3274 sponsionem
2767 3216 2966 3276 jacere,
3004 3209 3057 3258 id

658 3303 730 3348 est
773 3301 835 3348 de
879 3299 1150 3348 hereditate
1184 3302 1369 3348 certare
1404 3294 1540 3359 (ibid.
1580 3298 1601 3356 §
1633 3296 1773 3353 115),
1805 3294 1931 3357 quod
1966 3295 2234 3342 mutaverat
2273 3293 2472 3348 Verres,
2510 3292 2646 3340 cuius
2679 3290 2892 3340 edictum
2929 3292 3058 3342 fuit:

655 3382 709 3431 si
751 3383 823 3430 de
868 3379 1240 3429 hereditate
1285 3377 1636 3440 ambiqetur
1690 3381 1750 3424 st
1799 3375 2058 3423 tabulae
2105 3373 2481 3445 testamenti
2523 3373 2902 3435 obsiqnatas
2936 3388 3056 3421 non

658 3464 856 3511 minus
888 3461 1110 3510 multis
1142 3459 1369 3524 siquis,
1405 3473 1579 3521 quam
1612 3473 1639 3506 e
1674 3460 1803 3520 leqe
1833 3458 2109 3518 oportet,
2143 3455 2224 3502 ad
2253 3469 2336 3503 ms
2361 3455 2812 3518 proferentur,
2845 3469 3060 3503 secun-

656 3545 791 3593 dum
833 3544 1097 3592 tabulas
1144 3540 1523 3590 testamenti
1546 3538 1950 3602 potissimum
1979 3551 2081 3599 pos
2104 3536 2440 3585 sessionem
2474 3531 2640 3585 dabo,
2691 3535 2754 3583 Si
2789 3536 3061 3586 tabulae

655 3624 1039 3674 testamenti
1086 3638 1201 3671 non
1236 3623 1670 3685 proferentur
1715 3619 1778 3683 [si
1825 3632 2062 3682 possessor
2096 3615 2396 3681 sponsionem
2432 3631 2527 3664 non
2562 3615 2728 3679 faciet]
2773 3620 2902 3664 tum
2949 3617 3060 3666 uti

653 3719 952 3768 quemque
992 3703 1382 3767 potissimum
1431 3701 1708 3749 heredem
1754 3713 1882 3748 esse
1924 3693 2273 3760 oporteret,
2317 3697 2373 3745 si
2417 3696 2471 3744 is
2503 3696 2874 3745 intestatus
2909 3712 3058 3746 mor-

658 3790 806 3834 tuus
851 3789 1043 3842 esset,
1093 3783 1189 3831 ita
1237 3783 1570 3831 secundum
1616 3795 1743 3830 eum
1783 3776 2281 3841 possessioouem)
2316 3777 2530 3842 da(bo).
2569 3777 2743 3826 Cetera
2778 3777 3058 3838 tralaticia,

655 3881 776 3928 quae
810 3864 1010 3923 inclusi,
1046 3864 1252 3912 Verrius
1287 3866 1437 3912 erent.

722 3947 778 4011 2)
814 3946 972 3994 Relat.
1010 3947 1077 3995 16
1116 3947 1213 4007 §13
1249 3947 1312 3994 28
1345 3946 1435 4006 §8-
1472 3971 1537 3982 --
1591 3942 1670 3991 cf.
1703 3957 1743 3988 c.
1780 3939 1846 3988 22
1881 3938 1934 3984 C.
1970 3936 2057 3984 Th.
2099 3937 2176 3985 11.
2199 3935 2278 3988 86.

722 4029 773 4086 8)
821 4028 1071 4090 Nusquam
1120 4027 1299 4089 legitur
1344 4029 1497 4074 sortes
1542 4021 1843 4072 Gracchanas
1886 4031 1982 4064 non
2014 4017 2223 4078 potuisse
2259 4021 2468 4085 usucapi.
2505 4021 2580 4070 Cf.
2615 4023 2777 4070 tamen
2814 4021 2848 4072 l.
2887 4023 2954 4071 16
2993 4023 3056 4074 D.

656 4108 736 4163 23.
761 4109 788 4155 5
824 4107 1094 4172 (Windsch.
1131 4111 1151 4169 ς
1176 4107 1372 4169 182“).

718 4189 774 4251 4)
811 4190 864 4238 1..
903 4193 933 4236 3
969 4190 1071 4251 §18
1110 4192 1165 4238 D.
1204 4188 1281 4240 87.
1308 4190 1384 4237 10.
1423 4213 1486 4226 -—
1524 4185 1597 4234 Cf.
1635 4183 1667 4231 l.
1706 4183 1735 4229 6
1773 4178 1858 4240 96,
1894 4176 1927 4224 1.
1965 4178 2012 4231 9,
2049 4175 2079 4223 1.
2121 4178 2198 4236 14,
2235 4179 2266 4227 1.
2305 4182 2366 4230 15
2401 4182 2536 4240 eod.;
2573 4182 2606 4231 l.
2643 4183 2710 4231 20
2749 4187 2806 4232 D.
2847 4185 2894 4233 5.
2917 4185 2968 4235 2.

721 4270 775 4331 5)
812 4269 953 4319 Iubet
984 4272 1230 4333 praetere·
1266 4268 1527 4334 possidenti
1566 4260 1775 4324 relinqui
1809 4256 2149 4320 possessionem
2167 4296 2180 4316 ,
2216 4259 2329 4308 licet
2364 4262 2498 4310 falsis
2534 4262 2724 4313 nitatur
2759 4266 3063 4316 instrumen-

648 4352 744 4409 tis,
777 4351 905 4413 quod
943 4349 1203 4398 utilitatem
1237 4350 1518 4399 habiturum
1553 4347 1649 4398 est,
1686 4341 1725 4388 si
1762 4335 1959 4386 remotis
1993 4336 2099 4383 istis
2132 4337 2468 4391 instrumentis
2500 4344 2682 4406 petitor
2717 4346 3020 4409 probaverit.

720 4433 774 4495 6)
820 4447 861 4480 c.
900 4431 931 4478 2
967 4431 1019 4479 Ο.
1058 4431 1148 4479 Th.
1184 4433 1230 4481 9.
1256 4432 1330 4480 19.
1368 4457 1433 4468 --
1469 4424 1652 4477 Similis
1687 4419 1819 4468 extat
1853 4416 1911 4464 de
1941 4416 2114 4464 crediti
2149 4422 2428 4472 executione
2461 4423 2725 4474 Alexandri
2759 4429 3058 4480 constitutio

648 4517 714 4578 (c.
751 4514 782 4563 2
818 4513 869 4563 C.
908 4514 952 4563 9.
976 4512 1084 4574 22).
