3351 5463
684 353 812 421 128
1685 366 2049 419 mornoN.

676 537 733 601 δ’
783 540 989 608 αὐτοῖς
1055 541 1489 616 Τιμασίων
1551 540 1577 601 o‘
1647 536 2118 616 Δαρδανεὺς
2184 532 2560 613 Εὐρύμαχόν
2626 558 2696 597 τε
2745 534 2847 597 τὸν
2898 544 3062 611 Δαρ-

680 644 873 706 δανέα
920 645 1022 706 καὶ
1076 645 1337 723 Θώρακα
1386 644 1487 708 τὸν
1539 642 1828 707 Βοιώτιον.
1894 641 1968 705 In
2016 640 2117 705 his
2162 639 2374 705 verbis
2420 639 2588 724 quod
2635 640 2734 705 τὸν
2788 639 3062 703 Βοιώτιον

680 748 974 813 additum
1037 756 1165 825 est,
1229 750 1493 814 fortasse
1551 748 1656 813 lex
1721 745 1950 831 aliqua'
1989 748 2404 832 symmetriae
2451 746 2602 811 fecit
2626 743 2677 824 1)
2696 764 2712 822 ;
2763 744 2870 809 sed
2902 749 3065 829 post

683 855 1008 928 Τιμασίων
1060 875 1289 919 nomen
1337 856 1548 941 gentis
1597 853 1750 918 adeo
1795 852 2188 937 ineleganter
2235 856 2331 916 est
2375 854 2682 915 iteratum
2729 855 2807 914 ut
2854 851 3066 913 rectis-

684 962 844 1024 sime
889 980 925 1024 a
972 958 1314 1025 Schenklio
1364 959 1685 1023 seclusum
1727 958 2044 1023 videatur.

776 1174 837 1244 5.
868 1174 927 1242 ¹7.
954 1176 1017 1241 8.
1081 1177 1437 1262 Xenophon
1499 1175 1730 1240 Ἀκούω
1793 1177 2007 1259 inquit
2069 1176 2104 1259 ξ
2147 1175 2184 1238 5
2251 1175 2446 1239 huius
2495 1176 2758 1258 septimi
2803 1174 3066 1257 capitis,

688 1280 923 1347 ’Λκούω
974 1283 1149 1353 τινας
1198 1282 1591 1359 διαβάλλειν,
1642 1276 1685 1343 ὦ
1735 1278 1982 1359 ἄνδρες,
2034 1280 2142 1354 ἐμὲ
2189 1282 2262 1351 ὥς
2317 1276 2438 1358 ἄρα
2490 1280 2610 1356 ἐγὼ
2661 1276 3072 1354 ἐξαπατή-

687 1412 835 1459 σας
902 1389 1069 1462 ὑμᾶς
1116 1387 1329 1462 μέλλω
1374 1384 1552 1461 ἄγειν
1602 1387 1689 1456 εἷς
1739 1389 1952 1449 Φᾶσιν.
2001 1384 2368 1449 Ridiculum
2413 1384 2576 1449 hanc
2625 1404 2760 1448 esse
2803 1385 3074 1446 insimu-

685 1492 993 1557 lationem
1054 1492 1365 1569 ostendit,
1431 1490 1673 1555 milites
1737 1494 1908 1555 enim
1966 1511 2170 1574 neque
2229 1493 2522 1577 ignorare
2571 1486 2906 1555 Graeciam
2953 1488 3070 1551 sub

692 1598 1013 1663 occidente
1076 1596 1207 1661 sole
1269 1617 1400 1661 esse
1462 1599 1737 1681 positam
1799 1601 1863 1659 et
1907 1597 2098 1680 probe
2146 1597 2305 1659 scire
2350 1596 2464 1659 ubi
2509 1593 2604 1659 sol
2652 1597 2912 1670 oriatur,
2961 1593 3076 1657 ubi

692 1703 969 1780 occidat,
1033 1708 1098 1767 et
1157 1723 1282 1786 quo
1340 1709 1531 1766 vento
1594 1702 1672 1765 ad
1738 1699 2071 1766 Graeciam
2091 1748 2108 1778 ,
2159 1721 2283 1785 quo
2332 1705 2500 1764 retro
2549 1698 2628 1763 ad
2676 1699 2946 1763 Phasim
2993 1696 3080 1760 fe-

689 1814 931 1885 rantur,
994 1811 1212 1892 itaque
1274 1807 1465 1872 flante
1526 1813 1715 1871 vento
1778 1828 1856 1871 ne
1917 1806 2055 1869 fieri
2108 1805 2371 1888 quidem
2417 1825 2600 1890 posse
2647 1810 2722 1868 ut
2769 1803 2912 1868 dolo
2961 1804 3082 1866 cir-

691 1916 1019 1979 cumventi
1064 1933 1258 1978 naves
1304 1911 1743 1976 conscendant.
1805 1912 1981 1974 ἀλλὰ
2029 1910 2192 1988 γὰρ,
2243 1913 2333 1975 sic
2380 1913 2628 1995 pergit,
2681 1910 2911 1973 ὁπόταν
2957 1930 3085 1983 γα-

692 2022 839 2093 λήνη
884 2015 918 2099 ᾖ
962 2018 1229 2094 ἐμβιβῶ.
1280 2020 1485 2080 οὐκοῦν
1538 2017 1658 2093 ἐγὼ
1708 2017 1820 2090 μὲν
1872 2017 1929 2078 ἐν
1981 2016 2060 2079 ἑνὶ
2113 2017 2300 2095 πλοίῳ
2351 2016 2741 2090 πλεύσομαι,
2796 2014 2971 2090 ὑμεῖς
3015 2012 3082 2074 δὲ

690 2121 1106 2201 τούλάχιστον
1158 2122 1216 2185 ἕν
1264 2120 1502 2185 ἑκατόν.
1554 2128 1682 2191 πῶς
1724 2120 1798 2185 ἂν
1838 2115 1935 2184 οὖν
1981 2121 2100 2199 ἐγὼ
2150 2119 2183 2195 ἤ
2232 2119 2708 2195 βιασαίμην
2759 2120 2924 2195 ὑμᾶς
2965 2116 3084 2179 σὺν

695 2229 825 2303 ἐμοὶ
891 2236 1069 2291 πλεῖν
1132 2228 1219 2302 μὺ
1282 2226 1689 2303 βουλομένους
1756 2227 1789 2301 ἤ
1857 2225 2269 2301 ἐξαπατήσας
2339 2224 2688 2302 dawinum,
2741 2223 2923 2303 Quod
2971 2222 3084 2287 hic

697 2333 774 2397 de
819 2332 881 2394 vi
928 2332 1281 2396 adhibenda
1329 2332 1495 2395 dixit
1521 2379 1536 2406 ,
1600 2352 1673 2395 ea
1719 2328 1830 2406 ἔξω
1880 2334 1984 2393 τοῦ
2034 2330 2414 2407 πράγματος
2461 2329 2737 2406 addidit,
2787 2350 2937 2393 nam
2984 2348 3090 2391 ac-

698 2440 941 2504 cusatio
989 2438 1067 2501 ad
1114 2438 1313 2500 dolum
1359 2436 1671 2501 utendum
1716 2441 1971 2500 tantum
2009 2438 2340 2521 pertinuit.
2392 2435 2634 2500 Deinde
2674 2436 2942 2498 minime
2980 2438 3087 2497 est

696 2543 1043 2607 absurdum
1102 2542 1351 2607 credere
1411 2542 1742 2606 hominem
1799 2539 1950 2604 licet
2009 2561 2138 2604 una
2186 2561 2344 2606 nave
2391 2541 2680 2617 vehatur,
2729 2542 2916 2604 sociis
2963 2540 3087 2622 qui

698 2654 957 2713 centum
1022 2649 1340 2712 vehantur
1405 2648 1711 2724 navibus,
1782 2648 2108 2729 imponere
2181 2667 2382 2730 posse.
2451 2644 2646 2724 Quasi
2714 2666 2881 2709 unus
2945 2642 3088 2705 dux

698 2774 1005 2839 magnam
1066 2753 1555 2818 multitudinem
1619 2753 1906 2836 decipere
1953 2774 2082 2816 non
2128 2749 2360 2837 possiti
2427 2751 2572 2816 Non
2618 2771 2924 2815 numerus
2971 2769 3093 2812 na-

699 2860 882 2923 vium
922 2858 1113 2944 longe
1153 2859 1361 2922 maior
1396 2858 1918 2940 Xenophontem,
1962 2860 2015 2920 si
2053 2857 2272 2922 fraude
2311 2860 2412 2920 uti
2450 2856 2786 2934 voluisset,
2825 2855 3096 2919 frustra-

699 2969 806 3027 tus
870 2969 1068 3039 esset,
1133 2963 1243 3030 sed
1293 2970 1535 3040 ventus,
1584 2983 1712 3046 quo
1763 2963 2024 3046 quidem
2069 2953 2261 3027 vento
2307 2983 2467 3046 opus
2515 2962 2744 3027 fuisset
2789 2943 2868 3026 ad
2911 2961 3096 3022 navi-

695 3068 1026 3148 qationem,
1091 3070 1346 3132 etiamsi
1408 3091 1452 3144 γ
1472 3093 1512 3130 α
1534 3069 1625 3140 λή
1648 3091 1675 3128 ν
1695 3093 1728 3138 n
1750 3090 1779 3137 ς
1841 3066 2022 3138 οὔσης
2077 3065 2317 3131 milites
2363 3090 2542 3130 naves·
2589 3065 3090 3130 conscendissent.

702 3171 953 3258 Duplex
1017 3175 1223 3259 igitur
1281 3171 1443 3236 mihi
1504 3175 1572 3235 in
1633 3172 1751 3236 hac
1812 3172 2210 3257 paragrapho
2275 3177 2372 3236 est
2430 3171 2709 3237 offensio.
2773 3173 2863 3235 Ac
2910 3169 3096 3254 quod

702 3281 934 3343 attinet
980 3279 1058 3343 ad
1106 3299 1181 3344 ea
1223 3300 1385 3364 quae
1434 3277 1513 3342 ad
1557 3298 1696 3341 rem
1745 3276 1946 3341 facere
1993 3280 2261 3363 negavi,
2308 3299 2433 3342 non
2474 3277 2699 3342 dubito
2737 3279 2889 3362 quin
2924 3275 3098 3340 haec

703 3386 787 3447 sit
835 3384 1243 3470 neglegentia
1290 3386 1494 3467 ipsius
1542 3382 2024 3465 Xenophontis;
2089 3382 2166 3446 de
2207 3388 2399 3446 vento
2449 3389 2667 3446 autem
2711 3382 2824 3446 illo
2869 3381 3098 3444 fraudi

703 3490 967 3554 inimico
1028 3491 1313 3573 suspicor
1374 3509 1525 3552 eum
1571 3488 1805 3551 dixisse
1853 3492 1994 3570 post
2040 3490 2249 3551 οὐκοῦν
2293 3489 2503 3552 verbis
2545 3509 2706 3572 quae
2755 3489 3097 3573 perierint.

792 3702 915 3769 His
955 3702 1499 3792 qualibuscunque
1535 3702 1763 3774 oblatis
1787 3704 2329 3772 annotatiunculis
2353 3706 2834 3792 Praeceptorem
2858 3723 3099 3770 meum

702 3809 865 3876 festo
913 3818 1199 3898 tempore
1247 3809 1454 3877 saluto
1472 3833 1487 3889 ;
1554 3833 1714 3897 quae
1770 3815 2024 3876 utinam
2076 3813 2305 3898 dignae
2358 3812 2697 3876 videantur
2754 3817 2819 3876 et
2876 3813 3101 3895 ipsius

704 3917 1041 4001 disciplina
1082 3922 1147 3982 et
1186 3915 1355 3982 filiae
1395 3919 1532 3982 eius
1571 3917 2056 3996 dilectissimae,
2084 3917 2777 4003 MnemosynamdicO,
2805 3915 3095 3980 nomine.

775 4185 828 4248 1)
874 4187 896 4245 §
928 4184 1007 4242 25,
1054 4182 1133 4231 ubi
1176 4182 1273 4231 iam
1316 4181 1521 4231 tertium
1565 4181 1772 4244 legimus
1817 4179 2081 4230 Thoracem
2115 4177 2370 4231 Boeotium
2403 4181 2578 4242 fuisse,
2611 4177 2896 4230 Schenklius
2931 4182 3100 4232 denuo

705 4266 890 4316 uncinis
926 4279 1037 4314 usus
1073 4263 1291 4328 Hugium
1324 4265 1494 4313 saltem
1530 4263 1696 4313 habuit
1731 4262 1821 4312 sibi
1859 4263 2209 4313 assentientem.
3001 4273 3008 4280 '
