3351 5463
1295 352 1789 405 Ams'rormnns.
2582 328 2710 399 113

416 516 523 583 Vs.
578 515 708 583 '788
735 539 869 603 sqq.
920 556 1004 567 —
1053 518 1368 584 Xanthias
1430 521 1721 605 rogavit:
1792 539 2037 595 „nonne
2083 520 2280 583 etiam
2328 494 2671 603 Sophocles
2691 566 2710 595 ,

320 630 449 701 „ut
508 624 884 709 Euripides,
932 627 1226 709 poposcit
1273 626 1395 689 sibi
1443 624 1669 689 sellam
1716 623 1902 689 illam
1935 608 2206 688 ‘summo
2254 630 2479 710 poetae
2527 623 2714 688 desti-

319 736 621 807 „natam,
662 750 857 815 quam
880 731 1187 795 hactenus
1212 734 1420 795 tenuit
1447 729 1799 817 Aeschylus
1817 728 1886 793 ?''
1929 728 2052 795 Oui
2077 730 2320 795 Ianitor
2340 729 2709 814 respondet:

694 837 788 911 μοὶ
843 837 940 899 Δί’
989 837 1095 899 οὐκ
1144 836 1399 913 ἐκεῖνος,
1448 838 1599 899 ἀλλ’
1648 836 1827 899 ἔκυσε
1877 835 1988 909 μὲν
2043 836 2380 914 Αἰσχύλον,

694 934 795 1004 ὅτε
845 940 913 1010 δὴ
963 942 1270 1018 κατῆλθε,
1323 942 1425 1004 καὶ
1474 940 1739 1017 ἐνέβαλε
1788 940 1897 1013 τὴν
1948 938 2190 1015 δεξιάν·

699 1044 803 1108 καὶ
854 1045 1072 1116 ἐκεῖνος
1128 1030 1519 1125 ὑπεχώρησεν
1566 1047 1734 1125 αὐτῷ
1781 1048 1888 1109 τοῦ
1939 1045 2152 1122 θρόνου.
2582 1039 2712 1109 ’790

694 1149 817 1214 νυνὶ
870 1149 923 1213 δ’
974 1148 1261 1228 ἔμελλεν,
1310 1154 1389 1223 ὥς
1438 1149 1557 1230 ἔφη
1610 1151 2055 1228 Κλειδημίδης,

699 1252 997 1332 »ἔφεδρος
1046 1254 1500 1332 καθεδεῖσθαι”,
1550 1257 1658 1329 κῆν
1707 1256 1820 1339 μὲν
1872 1253 2190 1332 Αἰσχύλος
2240 1263 2468 1336 κρατῇ,

696 1356 851 1434 ἕξειν
899 1360 1066 1423 κατὰ
1116 1362 1345 1439 χώραν,
1396 1360 1445 1423 εἰ
1495 1359 1557 1422 δὲ
1604 1360 1732 1437 μή,
1783 1359 1916 1438 περ)
1967 1367 2079 1433 τῆς
2128 1360 2354 1438 τέχνης

698 1464 1152 1542 διαγωνιεῖσθαι
1205 1463 1447 1545 ἔφασκε
1498 1463 1646 1541 πρός
1696 1467 1764 1542 γ’
1811 1464 2159 1544 Εὐριπίδην.

316 1566 715 1634 Glidemides
733 1618 749 1647 ,
790 1572 973 1634 cuius
1012 1570 1261 1634 tumida
1301 1592 1427 1634 vox
1448 1619 1464 1645 ,
1505 1573 1575 1634 in
1615 1569 1876 1635 ecclesia
1916 1570 2180 1634 fortasse
2221 1590 2424 1654 nuper
2463 1568 2681 1633 audita
2699 1618 2715 1647 ,

318 1696 497 1738 nunc
557 1674 805 1739 ridetur
855 1713 941 1724 —
989 1697 1139 1741 nam
1185 1679 1277 1740 ita
1322 1675 1389 1739 id
1437 1675 1607 1761 quod
1656 1676 1733 1740 de
1782 1696 1854 1740 eo
1900 1675 2137 1739 dicitur
2179 1678 2562 1759 interpretor
2609 1712 2716 1752 —,

322 1781 478 1863 quis
525 1780 721 1844 fuerit
766 1784 1082 1846 nescimus
1098 1801 1115 1860 ;
1166 1781 1275 1846 sed
1321 1786 1527 1845 cetera
1565 1788 1629 1845 et
1677 1802 1827 1845 sana
1852 1780 2035 1853 ‚mihi
2081 1779 2383 1845 videntur
2421 1786 2486 1844 et
2525 1801 2719 1865 quam

322 1887 614 1949 maxime
684 1888 1016 1971 perspicua
1085 1891 1149 1951 et
1221 1889 1290 1950 in
1359 1885 1616 1951 scholiis
1686 1891 1853 1950 recte
1924 1885 2256 1969 explicata.
2322 1884 2722 1971 Quapropter

325 1992 535 2055 miror
596 2012 763 2054 nunc
826 1990 1189 2056 Dobraeum
1209 2040 1225 2069 ,
1281 1994 1393 2076 qui
1440 2013 1476 2056 a
1522 1991 1752 2056 Bothio
1798 1990 2276 2074 Fritzschioque
2321 1991 2390 2052 in
2439 2011 2722 2067 errorem

220 2160 229 2167 ,
326 2094 645 2159 adductus
692 2095 1030 2163 infamiam
1077 2096 1395 2181 quandam
1442 2096 1756 2180 adspersit
1798 2098 2015 2160 versui
2069 2092 2199 2159 '790
2240 2098 2719 2179 quammaxime

326 2202 708 2265 necessario.
758 2200 1119 2286 Sequamur
1163 2205 1234 2266 in
1279 2224 1351 2267 eo
1395 2200 1871 2287 interpretando
1921 2198 2404 2267 Callistratumz'
2469 2202 2591 2280 οὐχ
2639 2203 2719 2271 ὥς

334 2305 843 2385 παραδεδωκότος
910 2308 1233 2388 Αἰσχύλου
1280 2310 1382 2371 τὸν
1432 2306 1621 2385 θρόνον
1668 2308 1750 2388 τῷ
1801 2312 2148 2387 Σοφοκλεῖ,
2196 2305 2346 2370 ἀλλ’
2393 2307 2472 2377 ὦς
2523 2329 2722 2385 παρα-

334 2410 711 2488 δεδεγμένου
766 2411 950 2474 αὐτὸν
999 2412 1101 2476 καὶ
1154 2413 1685 2493 ὑποκεχωρηκότος
1732 2412 2002 2492 (schol.).
2056 2448 2140 2459 ——
2190 2410 2548 2497 Aeschylus
2595 2432 2721 2475 non

334 2521 549 2581 totam
595 2514 857 2600 quidem
901 2516 1118 2581 sedem
1163 2518 1340 2581 cessit
1384 2516 1687 2603 Sophocli
1731 2516 1930 2602 (quod
1975 2541 2079 2580 πα
2099 2542 2127 2593 ρ
2147 2542 2188 2579 α
2207 2524 2428 2597 χωρεῖν
2474 2516 2720 2580 dictum

330 2625 438 2687 est
483 2642 575 2686 ve.
627 2617 806 2699 667),
872 2622 981 2686 sed
1044 2624 1113 2686 in
1173 2624 1389 2688 sedem
1450 2644 1667 2700 suam,
1737 2642 1930 2707 quam
1995 2624 2150 2687 satis
2196 2621 2480 2707 amplam
2524 2622 2722 2686 fuisse

330 2726 615 2792 libenter
677 2727 997 2806 credimus
1016 2776 1031 2806 ‚
1094 2750 1245 2794 eum
1307 2729 1547 2812 recepit.
1615 2729 1714 2793 Ibi
1759 2750 1929 2793 nunc
1976 2729 2233 2814 quietus
2250 2777 2266 2806 ,
2316 2749 2428 2813 pro
2474 2726 2723 2812 placida
2789 2740 2798 2748 '

326 2853 453 2897 sua
511 2831 725 2897 indole
742 2882 760 2910 ,
828 2841 1115 2898 remanet
1176 2834 1518 2920 Sophocles
1580 2837 1700 2914 (sic
1755 2837 1826 2898 in
1887 2837 2163 2898 transitu
2209 2832 2566 2917 explicatur
2610 2854 2724 2897 cur

326 2958 464 3002 non
527 2938 791 3022 prodeat
851 2941 921 3002 in
982 2947 1284 3019 scenam),
1350 2938 1710 3027 Aeschylus
1773 2945 1992 3004 autem
2056 2942 2111 3004 si
2171 2941 2433 3016 vicerit,
2497 2943 2724 3024 perget

331 3046 674 3108 communi
736 3043 1080 3130 privilegio
1138 3067 1288 3111 cum
1334 3066 1408 3110 eo
1455 3046 1730 3130 perfrui3
1782 3048 1879 3109 sin
1929 3047 2136 3110 victor
2183 3045 2492 3130 prodierit
2543 3044 2726 3108 Euri-

334 3148 562 3234 pides,
614 3171 762 3214 cum
808 3149 923 3215 illo
969 3172 1119 3216 sane
1166 3152 1243 3216 de
1290 3151 1437 3217 sede
1483 3152 1774 3216 certabit.

438 3355 564 3426 Sed
624 3360 940 3426 scribendi
999 3362 1141 3427 finis
1205 3385 1371 3428 nunc
1434 3369 1530 3429 est
1591 3360 1916 3429 faciendus
1935 3410 1950 3440 ‚
2001 3363 2112 3428 vix
2159 3364 2329 3426 enim
2377 3360 2728 3446 quidquam

334 3468 417 3530 in
461 3467 583 3530 hoc
630 3465 1084 3553 Mnemosyncs
1132 3468 1433 3533 fasciculo
1483 3471 1674 3554 spatii
1724 3488 2049 3553 superesse
2095 3471 2314 3532 monet
2353 3467 2726 3552 typotheta,

336 3573 645 3658 quodque
707 3572 915 3638 multo
976 3581 1073 3639 est
1134 3579 1399 3660 gravius
1419 3624 1435 3653 ,
1501 3576 1623 3639 tibi
1685 3575 1925 3639 festum
1971 3575 2140 3638 hunc
2187 3572 2357 3636 diem
2403 3593 2555 3636 cum
2599 3573 2751 3634 tuis.

336 3677 517 3742 laete
585 3679 967 3762 transigenti
1035 3680 1112 3744 ad
1180 3679 1407 3766 longas
1491 3680 1954 3765 disputationes
2039 3676 2452 3764 perlegendas
2526 3696 2730 3760 neque

339 3784 562 3850 ot'ium
626 3785 747 3847 erit
806 3805 1009 3869 neque
1073 3788 1345 3850 animus.
1410 3786 1684 3850 Posthac
1731 3793 1950 3850 autem
1997 3784 2076 3849 ad
2124 3783 2619 3868 Aristophanem
2666 3786 2732 3845 et

336 3888 562 3952 Ranas
625 3888 829 3952 redire
888 3888 1110 3954 licebit
1127 3939 1143 3968 ,
1213 3896 1289 3954 ut
1350 3911 1566 3975 spero;
1632 3896 2016 3975 quapropter
2076 3909 2297 3973 premo
2359 3907 2526 3950 nunc
2572 3905 2732 3970 quae

338 3992 501 4058 addi
550 3997 864 4076 poterant.
913 3993 1013 4058 Tu
1052 3997 1201 4059 vive
1248 3994 1533 4080 valeque.

454 4170 575 4219 Dedi
608 4172 829 4235 Lugduni
863 4171 1157 4223 Batavorum
1191 4176 1237 4224 d.
1272 4174 1374 4224 v11⁰
1409 4190 1472 4223 m.
1510 4172 1726 4224 Ianuarii
1761 4183 2067 4222 nncocxon.
