3351 5463
598 953 609 963 ’
698 985 707 991 ’
784 1001 1586 1093 ADNoTATIONEs
1642 1001 2138 1092 ORITIOAE

499 1141 638 1229 AD
694 1139 1051 1228 TAoffl
1110 1139 1789 1268 ANNALESET
1849 1138 2444 1228 HlsroelAs

1349 1343 1599 1384 SORIPSI'P

1170 1497 1221 1562 I.
1271 1494 1341 1563 G.
1392 1494 1472 1562 G.
1520 1494 1762 1560 BOOT.

1271 1801 1661 1839 w*-

377 2059 531 2122 ΑΝΝ.
596 2059 738 2124 IIII.
804 2061 912 2126 34.
984 2058 1356 2127 Cremutius
1428 2057 1675 2126 Cordus
1738 2061 1806 2122 in
1869 2079 1985 2123 sua
2043 2058 2404 2124 defensione
2466 2057 2654 2124 dicit:

293 2163 536 2227 Antonii
580 2166 902 2246 epistolae,
957 2167 1142 2230 Bruti
1190 2165 1493 2230 conciones
1523 2166 1715 2251 falsa
1760 2165 1996 2249 quidem
2039 2164 2107 2228 in
2153 2166 2476 2244 Auyustum
2514 2186 2660 2246 pro-

290 2270 395 2332 bra
438 2307 521 2319 —
568 2273 784 2335 habent
799 2301 827 2348 ;
897 2272 1165 2335 carmina
1226 2271 1512 2334 Bibaculi
1575 2278 1633 2334 et
1703 2271 1932 2332 Catulli
1990 2272 2237 2357 referta
2287 2269 2657 2333 contumeliis

295 2376 599 2438 Caesarum
660 2377 957 2458 loquutur.
1022 2377 1165 2442 Hoc
1230 2379 1545 2440 Caesarum
1590 2379 2126 2460 interpretantur:
2176 2375 2330 2440 Iulii
2377 2371 2662 2456 Caesaris

282 2487 347 2546 et
407 2483 708 2568 Augusti.
771 2484 859 2545 At
924 2481 1219 2548 Catullus
1275 2482 1532 2568 quidem
1584 2485 1754 2544 certe
1802 2479 2017 2545 solum
2062 2479 2396 2546 Gaesarem
2443 2486 2662 2545 contu·-

282 2587 492 2652 meliis
550 2594 923 2674 persecutus
986 2595 1082 2654 est
1143 2592 1211 2654 in
1276 2587 1486 2654 Oarm.
1554 2585 1661 2662 29,
1717 2584 1823 2663 5¹7,
1876 2585 1982 2663 93,
2048 2592 2111 2650 et
2177 2607 2378 2670 quum
2442 2585 2658 2670 plures

277 2715 467 2759 annos
536 2699 684 2759 ante
753 2716 905 2761 eum
974 2699 1271 2760 mortuus
1334 2696 1451 2772 sit,
1517 2690 1862 2757 Octavium
1926 2713 2199 2778 puerum
2264 2693 2479 2757 videre
2545 2693 2658 2758 vix

273 2804 505 2885 potuit.
567 2801 661 2865 M.
716 2792 961 2866 'Furius
1024 2800 1371 2865 Bibaculus
1437 2797 1696 2865 Catullo
1747 2803 2068 2884 superstes
2114 2799 2313 2864 fuisse
2358 2799 2657 2875 creditur,

272 2906 381 2970 sed
434 2928 751 2992 nusquam
797 2907 1075 2971 traditur
1119 2908 1186 2969 in
1235 2907 1612 2990 Augustum
1656 2904 1832 2969 mala
1879 2907 2160 2969 carmina
2205 2908 2658 2991 composuisse.

271 3009 491 3095 Itaque
555 3014 841 3097 suspicor
902 3011 1037 3075 loco
1105 3013 1418 3074 Caesarum
1482 3011 1884 3075 scribendum
1949 3032 2084 3075 esse
2155 3012 2450 3075 Caesaris.
2507 3010 2656 3076 Solo

268 3116 389 3181 hoc
448 3120 703 3183 nomine
766 3117 1025 3181 Tacitus
1087 3115 1157 3183 O.
1220 3117 1466 3182 Iulium
1530 3117 1826 3203 designat
1885 3118 2050 3180 Ann.
2099 3103 2149 3179 I.
2203 3117 2262 3181 1.
2310 3115 2393 3181 ΙΙ.
2445 3116 2528 3181 41
2595 3121 2660 3180 et

273 3242 541 3307 saep1us.
2602 3264 2606 3269 ·

364 3423 469 3489 VI.
513 3424 621 3489 31.
680 3425 919 3490 Cassius
939 3426 1271 3512 facilitate
1302 3419 1547 3509 ¹saepius
1586 3450 1761 3513 quam
1798 3425 2106 3491 industria
2129 3427 2658 3491 commendabatur.

277 3530 538 3597 Malim:
580 3531 913 3616 facilitate
956 3554 1019 3594 se
1051 3532 1202 3614 plus
1246 3555 1420 3617 quam
1464 3533 1776 3597 industria
1823 3534 2274 3596 commendabat.
2340 3532 2556 3613 Quum
2599 3554 2663 3595 se

264 3637 413 3719 plus
474 3639 544 3701 in
588 3638 792 3720 sepius
839 3639 1261 3723 depravatum
1309 3645 1509 3719 esset,
1562 3640 1837 3705 verbum
1885 3642 2172 3704 activum
2219 3641 2289 3703 in
2333 3640 2663 3723 passivum

278 3747 374 3807 est
414 3748 767 3808 mutatum.

361 3946 573 4011 XIIII.
640 3946 701 4011 8.
768 3944 1133 4033 Angppina
1191 3947 1516 4012 intellexit
1584 3948 1773 4011 abiam
1804 3952 1963 4036 fore
2011 3949 2205 4014 laetae
2251 3949 2342 4012 rei
2373 3949 2615 4035 faeiem
2629 3976 2658 4024 ;

275 4076 427 4117 nunc
484 4053 871 4117 solitudinem
931 4076 1002 4115 ac
1060 4055 1401 4136 repentinos
1461 4054 1750 4136 strepitus
1811 4064 1869 4119 et
1916 4057 2161 4119 extremi
2208 4055 2355 4118 mali
2402 4056 2655 4122 indicia.

274 4156 561 4225 Priorem
626 4162 974 4225 sententiae
1029 4165 1278 4243 partem
1326 4160 1874 4245 Bezzenberg-erus
1923 4164 2181 4248 egregie
2229 4164 2502 4227 correxit
2547 4184 2659 4247 pro

278 4264 558 4345 lataeret,
611 4270 689 4330 ut
750 4272 845 4331 est
889 4268 959 4332 in
1007 4265 1143 4329 cod.
1194 4265 1391 4343 Med„
1441 4287 1752 4352 reponens
1801 4268 1995 4333 laetae
2041 4268 2166 4345 rei,
2215 4266 2486 4332 alteram
2536 4288 2656 4353 ego

278 4372 525 4436 sanabo.
577 4371 836 4436 'Pacltus
880 4373 1169 4456 scripsit:
1236 4395 1393 4435 nunc
1437 4371 1821 4437 solitudinem
1867 4398 1937 4437 ac
1984 4374 2328 4456 repentinos
2375 4374 2661 4455 strepitus

280 4497 410 4541 esse
456 4477 703 4569 extremi
750 4477 898 4539 mali
942 4476 1197 4539 indicia.
