3351 5463
692 365 822 432 322
1698 385 2068 436 melianus.

690 555 911 616 autem
971 547 1137 616 nihil
1198 569 1353 616 esse.
1416 548 1686 616 Videtur
1747 549 2007 634 quidem
2055 550 2396 618 discrimen
2437 555 2506 618 in
2553 573 2626 618 eo
2673 573 2810 620 esse
2825 602 2844 632 ,
2893 555 3074 639 quod

688 659 759 722 in
820 658 1029 740 primo
1088 643 1469 741 argumento
1515 656 1945 722 ratiocinando
1995 659 2310 722 sententia
2351 660 2656 742 primaria
2700 662 2954 737 nititur-3
2999 663 3076 726 in

688 762 809 828 hoc
870 767 1090 828 autem
1152 761 1485 828 oculorum
1532 764 1683 828 visu
1697 781 1714 838 ;
1765 761 1876 826 sed
1923 760 2003 826 ad
2047 762 2223 826 idem
2267 762 2436 830 redit
2479 769 2866 848 utrumqu03
2913 768 3076 832 novi

688 867 853 932 nihil
922 867 1181 934 accedit.
1248 867 1419 932 Nam
1488 865 1657 952 quod
1725 887 1900 932 mare
1961 872 2199 932 terram
2261 873 2328 932 et
2386 873 2589 934 terras
2649 890 2826 936 mare
2887 870 3076 936 finire

691 973 848 1038 dicit
866 1020 883 1050 ,
947 974 1065 1038 hoc
1127 975 1183 1037 si
1244 972 1323 1036 ad
1388 993 1574 1038 omne
1620 971 1941 1038 relaturus
1987 979 2159 1050 erat,
2207 975 2418 1039 nescio
2464 995 2622 1059 quas
2669 977 2944 1060 ineptias
2993 975 3074 1040 de

688 1079 941 1145 duobus
958 1126 975 1156 ,
1038 1099 1199 1164 quae
1262 1080 1560 1144 universa
1620 1078 1994 1146 dicerentur
2031 1085 2095 1144 et
2137 1100 2274 1144 sese
2318 1081 2600 1146 invicem
2644 1079 2899 1146 finirent
2913 1129 2932 1158 ‚
2977 1102 3078 1146 re-

686 1184 907 1251 fellere
968 1185 1092 1249 sibi
1150 1189 1585 1269 proposuerat.
1651 1183 1835 1263 Quod
1895 1187 1951 1249 si
2009 1187 2154 1270 quis
2214 1191 2436 1269 poetae
2499 1188 2568 1249 in
2613 1188 2832 1252 animo
2873 1187 3076 1251 fuisse

688 1291 814 1356 sibi
858 1292 1279 1375 persuaserit,
1330 1291 1642 1375 suspicari
1690 1292 1891 1374 possit
1936 1291 2233 1356 schedam
2251 1338 2267 1368 ,
2314 1293 2384 1356 in
2432 1311 2559 1376 qua
2607 1299 3075 1378 argumentum

687 1396 1062 1460 incohatum
1124 1415 1328 1479 neque
1390 1415 1540 1460 vero
1600 1393 1974 1460 absolutum
2021 1400 2156 1460 erat
2173 1444 2189 1472 ,
2239 1397 2366 1461 huc
2411 1395 2673 1462 matum
2717 1419 2873 1463 esse.
2920 1397 3078 1463 Veri

688 1505 906 1566 autem
953 1499 1231 1566 similius
1277 1505 1373 1566 est
1417 1499 1830 1576 Lucretium,
1877 1504 1933 1564 si
1976 1502 2113 1585 ipse
2157 1500 2402 1566 librum
2457 1503 2793 1581 edidisset,
2847 1523 3076 1569 versus

687 1607 833 1671 illos
880 1611 994 1671 aut
1040 1605 1405 1671 deleturum
1443 1610 1559 1669 aut
1598 1604 1787 1672 valde
1825 1608 2204 1672 immutatos
2245 1628 2398 1672 cum
2435 1611 2644 1692 primo
2685 1614 3076 1695 argumento

689 1714 1180 1776 coniuncturum
1220 1712 1436 1776 fuisse.
1488 1711 1653 1776 Utut
1693 1718 1825 1789 est,
1867 1733 1992 1797 quo
2030 1733 2196 1777 nunc
2217 1711 2356 1779 loco
2398 1712 2727 1800 leguntur,
2755 1735 2830 1780 eo
2855 1733 3066 1798 neque

687 1819 815 1904 ipsi
874 1817 1025 1882 ferri
1082 1823 1349 1902 possunt
1402 1821 1466 1882 et
1509 1837 1585 1883 ea
1601 1866 1619 1894 ,
1669 1839 1832 1902 quae
1879 1820 2198 1884 artissime
2243 1819 2582 1884 cohaerent
2597 1867 2614 1897 ,
2661 1821 3069 1904 ineptissime

690 1922 1043 2001 divellunt;
1095 1943 1290 2008 quam
1337 1923 1416 1988 ob
1462 1944 1601 1988 rem
1645 1926 1827 1988 uncis
1871 1921 2237 1989 includendi
2285 1925 2502 1989 sunt.”

778 2030 880 2094 Ex
958 2030 1133 2094 hisce
1206 2029 1419 2094 verbis
1496 2050 1798 2113 apparere
1858 2029 2024 2094 mihi
2098 2030 2349 2095 videtur
2409 2027 3076 2098 Hoerschelmannum

689 2156 913 2201 verum
973 2137 1110 2200 iam
1161 2136 1555 2219 perspexisse
1575 2183 1591 2210 ,
1640 2134 1752 2200 sed
1798 2141 2015 2200 tamen
2031 2183 2048 2211 ,
2097 2157 2250 2200 cum
2291 2138 2504 2221 magis
2551 2135 2631 2200 ad
2675 2157 2814 2200 rem
2860 2138 3075 2220 ipsam

690 2262 885 2327 quam
944 2239 1025 2304 ad
1084 2240 1358 2305 formam
1426 2242 1796 2326 argumenti
1863 2246 2148 2305 mentem
2214 2240 2620 2318 advertisset,
2667 2240 3075 2326 ‘neglexisse

687 2346 857 2411 Nam
914 2345 983 2409 id
1046 2345 1215 2429 quod
1261 2345 1417 2408 dicit
1465 2345 1714 2422 „videri
1764 2345 2023 2428 quidem
2068 2345 2404 2410 discrimen
2453 2347 2520 2408 in
2569 2367 2642 2410 eo
2681 2366 2820 2412 esse
2838 2393 2854 2422 ,
2903 2345 3078 2430 quod

688 2454 755 2520 in
808 2452 1020 2535 primo
1072 2455 1454 2535 argumento
1514 2449 1944 2514 ratiocinando
1999 2452 2313 2514 sententia
2358 2453 2664 2534 primaria
2699 2453 2964 2534 nitatur,
3005 2453 3076 2513 in

690 2557 811 2620 hoc
873 2560 1092 2619 autem
1151 2553 1481 2618 oculorum
1544 2555 1757 2632 visu'',
1818 2555 1888 2618 id
1946 2557 2302 2619 rectissime
2361 2555 2675 2620 iudicavit
2689 2577 2706 2634 ;
2759 2556 2874 2621 ubi
2922 2576 3075 2622 vero

690 2664 796 2726 ait·
848 2660 973 2739 „ad
1030 2660 1203 2724 idem
1263 2659 1467 2725 redire
1525 2665 1910 2746 utrumque,
1971 2663 2124 2726 novi
2185 2660 2352 2725 nihil
2413 2660 2746 2726 accedere”
2804 2659 3071 2739 fallitur,

689 2788 842 2832 nam
881 2766 1127 2851 aliquid
1163 2769 1318 2832 novi
1363 2772 1494 2845 est,
1543 2769 1600 2831 si
1642 2766 1726 2831 ad
1769 2765 2062 2852 logicum
2107 2767 2278 2851 quod
2324 2766 2559 2833 dicitur
2605 2772 3070 2853 argumentum

691 2872 933 2937 accedit
978 2876 1469 2957 argumentum,
1521 2872 1690 2956 quod
1734 2873 2068 2939 brevitatis
2114 2892 2307 2937 causa
2348 2872 2694 2958 physicum
2739 2872 2905 2937 dico.

779 2977 961 3043 Idem
1008 2978 1429 3043 demonstrari
1466 2998 1655 3043 nemo
1695 2978 1988 3063 negabit,
2031 2978 2144 3042 sed
2179 2978 2308 3043 alio
2348 2977 2539 3043 modo
2577 2977 3072 3042 demonstratur.

689 3084 1067 3148 Lucretium
1126 3089 1345 3150 autem
1403 3082 1547 3147 aliis
1593 3103 1846 3168 quoque
1891 3083 2047 3148 locis
2093 3082 2362 3149 eandem
2407 3085 2790 3147 sententiam
2834 3083 3075 3149 diversi

688 3192 943 3276 generis
980 3190 1381 3275 argumentis
1420 3188 1688 3274 probare
1728 3194 1793 3253 et
1829 3190 1984 3253 satis
2023 3194 2252 3255 notum
2289 3193 2388 3253 est
2427 3193 2493 3252 et
2533 3208 2728 3273 supra
2751 3190 3072 3273 apparuit,

686 3296 802 3361 ubi
866 3295 942 3359 de
1005 3297 1239 3359 atomis
1299 3298 1435 3359 erat
1492 3313 1735 3369 sermo;
1781 3293 1876 3358 ibi
1923 3314 2175 3378 quoque
2218 3294 2566 3380 physicum
2611 3296 3074 3387 argumentum

686 3406 1093 3487 postremum
1152 3398 1431 3475 addidit,
1493 3420 1591 3464 vs.
1640 3396 2000 3463 577—583
2065 3404 2132 3465 et
2188 3399 2282 3463 ibi
2344 3419 2595 3483 quoque
2642 3398 2912 3483 Brieger
2954 3398 3074 3461 hoc

688 3512 1151 3593 argumentum
1194 3503 1331 3570 loco
1378 3507 1616 3569 movet.

778 3613 1113 3677 Praeterea
1175 3610 1346 3695 quod
1404 3608 1582 3674 addit
1626 3607 2254 3674 Hoerschelmannus
2298 3609 2674 3674 Lucretium
2720 3611 2932 3694 primo
2975 3628 3073 3673 ar-

687 3722 1003 3805 gumento
1050 3716 1353 3781 disserere
1400 3714 1477 3778 de
1522 3735 1595 3779 eo
1642 3713 1810 3797 quod
1853 3721 2026 3777 extra
2074 3715 2143 3779 id
2190 3714 2360 3799 quod
2406 3736 2596 3780 omne
2644 3720 2742 3779 est
2787 3714 2926 3779 fieri
2962 3713 3072 3779 vel

687 3844 825 3889 esse
884 3827 1115 3907 ponat,
1178 3824 1340 3885 item
1402 3818 1675 3885 seeundo
1740 3825 2121 3905 argumento
2139 3868 2156 3896 ,
2221 3822 2412 3885 tertio
2460 3840 2612 3885 vero
2657 3820 2734 3885 de
2781 3841 2858 3886 eo
2903 3818 3070 3903 quod

685 3931 857 3993 intra
914 3926 1079 3993 illud
1134 3928 1416 4010 spatium
1463 3923 1570 3990 vel
1614 3924 1786 3987 intra
1833 3945 2021 3989 omne
2066 3923 2211 4001 fiat3
2263 3924 2489 3989 deinde
2537 3925 2660 3989 hoc
2705 3931 2931 4010 quarto
2975 3943 3073 3989 ar·

684 4037 997 4120 gumento
1068 4036 1189 4110 (vs.
1240 4028 1669 4108 998—1001)
1741 4049 1892 4093 eum
1959 4029 2164 4095 redire
2235 4030 2313 4095 ad
2379 4030 2450 4095 id
2519 4030 2690 4115 quod
2753 4036 2933 4096 extra
2995 4030 3068 4093 τὸ

688 4159 875 4205 omne
936 4158 1071 4202 esse
1134 4141 1363 4221 ponat,
1435 4135 1589 4200 haec
1654 4136 1951 4221 argutius
2013 4155 2210 4219 quam
2273 4138 2490 4201 verius
2551 4137 2720 4201 mihi
2765 4135 3070 4201 videntur

686 4246 923 4327 scripta
968 4262 1132 4319 esse;
1182 4247 1351 4307 certe
1400 4262 1480 4305 ex
1522 4240 1641 4305 hoc
1686 4239 1855 4323 quod
1902 4245 2084 4305 extra
2127 4242 2212 4305 sit
2259 4246 2374 4307 aut
2419 4263 2498 4305 ex
2534 4243 2656 4307 hoc
2695 4242 2864 4327 quod
2897 4244 3068 4306 intra

688 4349 775 4413 sit
830 4352 1085 4432 poetam
1149 4346 1435 4412 ordinem
1496 4350 2030 4432 argumentorum
2076 4348 2481 4411 constituisse
2526 4368 2713 4434 nego.
2760 4347 2835 4411 In
2881 4367 3069 4431 argu-

688 4458 905 4519 mento
975 4453 1167 4549 tertio
1226 4474 1351 4518 non
1410 4457 1621 4519 exstat
1680 4471 1806 4517 vox
1870 4470 2032 4533 quae
2093 4457 2190 4515 est·
2253 4451 2452 4529 ἐκινας
2505 4454 2584 4517 in
2629 4456 2838 4538 primo
2886 4457 2948 4517 et
2996 4454 3065 4517 in

1174 5181 2004 5411 A
