3351 5463
1241 1057 1391 1144 AD
1451 1056 2066 1191 VITRUVIUM
2122 1070 2200 1143 v.
2250 1074 2416 1161 8,1.

1134 1217 1269 1300 (of.
1321 1215 1705 1300 Mnemosyne
1750 1239 1808 1280 a.
1863 1215 2035 1281 1892
2071 1239 2143 1297 p.
2194 1214 2325 1279 419
2353 1222 2527 1300 sqq).

1717 1425 1964 1468 SCRIPSI'I'

1552 1595 1636 1660 K.
1702 1539 2125 1661 DUMO'N.

1691 1902 1978 1930 —-·2·o·o-0·=·—-

738 2157 892 2232 Inde
960 2158 1036 2221 ab
1098 2175 1172 2220 ea
1235 2159 1441 2219 aetate
1507 2173 1667 2238 quae
1733 2173 1768 2216 a
1832 2157 2070 2218 renatis
2127 2154 2336 2221 literis
2397 2177 2629 2222 nomen
2691 2156 2887 2220 habet
2949 2156 3036 2220 ad

647 2268 932 2327 nostram
991 2243 1270 2326 aetatem
1329 2279 1531 2342 usque
1589 2260 1717 2322 viri
1778 2258 1951 2324 docti
2013 2259 2301 2325 multum
2345 2262 2708 2326 haeserunt·
2729 2264 2800 2325 in
2844 2264 3044 2326 inter-

648 2371 1001 2453 pretatione
1069 2364 1529 2431 vocabulorum
1603 2365 1729 2441 „in
1803 2366 2099 2430 cornibus
2171 2367 2583 2454 hemicyclii''
2640 2367 2840 2431 huius
2902 2388 3044 2432 sen-

652 2477 925 2539 tentiae:

746 2579 1027 2657 „Dextra
1089 2598 1159 2642 ac
1221 2578 1480 2640 sinistra
1538 2577 1609 2638 in
1668 2574 1967 2639 ‘cornibus
2024 2576 2392 2663 hemicyclii
2436 2581 2651 2641 centra
2695 2579 3040 2662 signantur

651 2691 757 2764 „et
819 2687 1051 2750 circino
1105 2685 1315 2769 posito
1360 2684 1429 2746 in
1475 2679 1696 2745 dextro
1743 2680 1821 2745 ab
1865 2681 2205 2747 intervallo
2255 2671 2516 2747 sinistre
2561 2683 3030 2770 circumagitur

648 2793 1015 2868 „circinatio
1064 2790 1142 2854 ad
1186 2788 1537 2872 proscaenii
1583 2785 1874 2851 dextram
1921 2793 2191 2871 partem.
2239 2787 2407 2853 Item
2447 2795 2660 2853 centro
2701 2788 3025 2853 conlocato

647 2898 758 2973 „in
796 2897 1052 2959 sinistro
1089 2914 1284 2958 cornu
1323 2893 1400 2956 ab
1439 2888 1781 2955 intervallo
1821 2890 2040 2955 dextro
2081 2895 2545 2981 circumagitur
2567 2893 2647 2959 ad
2670 2895 3026 2980 proscaenii

651 3002 1022 3078 „sinistram
1070 2996 1388 3083 partem''.

737 3104 972 3169 Omnes
1031 3104 1202 3168 hunc
1262 3103 1480 3168 locum
1541 3104 1948 3187 interpretati
2007 3109 2157 3168 sunt
2220 3105 2402 3188 quasi
2463 3106 2776 3170 sententia
2821 3110 3025 3171 esset:

650 3214 761 3289 „in
822 3213 1123 3277 extremis
1184 3210 1477 3274 cornibus
1533 3206 2072 3292 hemicycliorum
2119 3209 2521 3288 amborum'',
2567 3232 2693 3276 non
2741 3213 2852 3289 „in
2898 3232 3030 3276 cor·

645 3319 833 3382 nibus
880 3315 1317 3401 hemicyclii''‚
1367 3316 1412 3378 i.
1437 3334 1493 3377 e.
1539 3316 1711 3377 intra
1757 3333 1992 3378 cornua
2037 3314 2428 3400 hemicyclii.
2730 3376 2736 3381 .

737 3422 812 3486 In
856 3423 1460 3486 mathematicorum
1508 3439 1797 3485 sermone
1844 3416 2022 3484 locus
2070 3422 2126 3483 is
2145 3468 2160 3496 ,
2213 3442 2336 3504 quo
2383 3421 2554 3485 linea
2591 3442 2720 3487 una
2757 3420 3026 3487 alteram

643 3528 917 3605 lineam,
989 3530 1127 3591 sive
1192 3530 1342 3589 sunt
1400 3529 1607 3589 rectae
1672 3526 1808 3588 sive
1874 3545 2139 3602 curvae,
2203 3532 2371 3589 secat
2391 3574 2406 3603 ,
2469 3547 2596 3591 non
2657 3548 2851 3592 cornu
2914 3526 3026 3591 sed

648 3632 923 3718 angulus
988 3631 1242 3694 dicitur.
1305 3628 1379 3692 Id
1444 3628 1691 3693 dicendi
1751 3649 1956 3712 genus
2015 3650 2142 3694 non
2189 3630 2486 3695 abhorret
2535 3632 2611 3697 ab
2655 3632 2736 3695 iis
2781 3630 3028 3717 linguis

646 3758 806 3821 quae
855 3758 891 3801 a
935 3735 1163 3820 lingua
1205 3733 1406 3798 latina
1451 3732 1843 3797 derivantur.

736 3841 874 3907 Vox
922 3840 1146 3926 anguli
1190 3839 1381 3904 habet
1431 3838 1926 3923 significationes
1965 3838 2122 3903 duas
2140 3888 2156 3917 ,
2199 3858 2474 3925 quarum
2513 3840 2710 3906 altera
2748 3843 3027 3927 pertinet

643 3946 723 4012 ad
769 3950 1049 4032 spatium
1097 3944 1284 4009 lineis
1332 3943 1576 4008 duabus
1621 3943 1948 4007 inclusum
1965 3964 1981 4021 3
2034 3944 2268 4022 altera,
2319 3948 2373 4009 si
2422 3945 2808 4011 dubitationi
2845 3946 3026 4011 locus

641 4075 766 4118 non
830 4057 927 4117 est
946 4100 961 4128 ,
1026 4051 1104 4115 ad
1166 4048 1391 4135 anguli
1454 4069 1756 4113 cacumen
1776 4096 1792 4126 ,
1843 4051 2050 4133 ipsius
2098 4050 2324 4136 anguli
2369 4050 2587 4116 locum
2634 4057 3025 4116 extremum.

642 4158 835 4223 Verbi
880 4178 1071 4222 causa
1089 4205 1105 4235 ,
1155 4154 1493 4221 Vitruvius
1532 4153 1639 4232 IV,
1686 4153 1747 4232 3,
1778 4153 1817 4217 9
1863 4200 1922 4232 ,,.
1949 4201 1968 4220 .
1997 4201 2011 4219 .
2041 4200 2056 4219 .
2084 4161 2316 4241 agatur
2352 4154 2522 4221 linea
2557 4156 3027 4221 rotundationis

644 4286 803 4351 quae
851 4264 1281 4350 quadrationis
1329 4261 1601 4348 angulos
1648 4260 1937 4347 tangat''.

737 4370 850 4437 Sin
910 4375 1130 4436 autem
1182 4370 1566 4455 ambiguum
1614 4372 1711 4431 est
1756 4372 1982 4431 utrum
2028 4371 2260 4452 agatur
2305 4367 2382 4433 de
2427 4367 2565 4433 loco
2611 4373 2898 4433 extremo
2946 4388 3032 4433 an

588 4554 593 4561 Ι
644 4479 720 4543 (16
786 4484 923 4543 toto
993 4476 1219 4561 anguli
1287 4478 1493 4561 spatio
1511 4522 1529 4551 ‚
1602 4493 1853 4557 semper
1915 4474 2318 4540 substantivo
2383 4466 2866 4560 adiungendum
2927 4478 3034 4540 est
