3351 5463
644 378 776 445 350
1672 400 1992 446 κΕΡΜΑΊ-Λ.

641 561 855 629 vetuit
889 582 968 626 ne
1006 561 1250 626 milites
1290 561 1352 625 ἐν
1391 562 1474 640 τῷ
1515 560 1968 641 καταςρῶματι
2007 565 2404 648 apparerent.
2443 559 2551 626 Sic
2590 559 3032 628 Callicratidas

642 667 961 752 deceptus.

731 771 871 838 XV.
941 773 1103 839 Ibid.
1163 773 1197 837 Ι
1264 771 1325 838 6.
1354 771 1476 837 21:
1540 769 1660 843 τοὶς
1715 771 1775 836 τ’
1825 770 2112 851 ἀγκύρας
2162 756 2622 843 ἀποκόπτοντες
2673 771 2776 836 καὶ
2825 775 3034 848 gysa

642 881 963 962 ρόμενοι
1030 878 1312 954 ἐβοήθουν
1376 877 1873 957 τεταραγμένοι,
1941 879 2142 941 miror
2202 899 2315 943 cur
2373 877 2798 942 Herwerdeno
2847 882 3030 942 tanto

644 1006 831 1071 opere
880 983 1275 1077 displicuerit
1324 981 1570 1050 Golleri
1613 985 1978 1054 coniectura
2023 983 2052 1046 ἒ
2069 1007 2117 1046 π
2136 1005 2200 1047 ει
2218 983 2312 1060 γά
2328 1007 2377 1059 μ
2397 1009 2425 1047 ε
2447 1007 2520 1046 νο
2540 1005 2580 1047 ι.
2627 981 2868 1047 Melius
2905 982 3028 1046 hoc

642 1095 811 1156 certe
881 1109 1076 1173 quam
1143 1087 1643 1174 Madvigianum
1714 1086 2063 1172 ἕνειρόμενοι
2133 1086 2242 1154 vel
2306 1087 2814 1153 Holwerdanum
2882 1087 3024 1160 τοὺς

642 1193 809 1266 Ῑςοὺς
857 1193 1177 1272 αἰρόμενοι.

732 1297 904 1364 XVI.
975 1298 1238 1384 Aliquid
1309 1297 1642 1362 turbatum
1713 1302 1810 1361 est
1869 1296 2024 1361 ibid.
2087 1296 2141 1361 I.
2208 1296 2269 1360 6.
2298 1295 2407 1373 26,
2470 1316 2620 1362 nam
2683 1299 2750 1361 in
2811 1297 3025 1361 verbis

644 1404 1103 1470 ἐδειπνοποιεῖτο
1166 1409 1279 1474 τῆς
1342 1401 1593 1478 Λέσβου
1658 1403 1762 1466 ἐπῒ
1824 1398 1904 1482 τῇ
1968 1399 2205 1483 Μαλέα
2252 1398 2412 1484 ἄκρᾳ
2434 1449 2451 1478 ,
2501 1401 2654 1485 quid
2705 1400 3028 1486 siguificat

643 1508 813 1594 quod
874 1507 1131 1572 additur
1188 1507 1391 1571 ἀντίον
1456 1514 1567 1580 τῆς
1632 1502 2038 1580 Μυτιλήνηςῗ
2105 1503 2430 1591 Compone
2477 1511 2697 1569 autem
2740 1504 2809 1569 id
2857 1502 3029 1589 quod

642 1616 867 1677 statim
912 1612 989 1675 de
1034 1613 1373 1696 Arginusis
1420 1610 1712 1675 additur:
1763 1607 1954 1674 αὗται
2003 1609 2058 1674 δ’
2109 1610 2257 1675 εἰσὶν
2306 1610 2509 1675 ἀντίον
2557 1618 2669 1684 τῆς
2705 1609 2978 1687 Λέσβου.

735 1715 939 1780 XVII.
1008 1715 1170 1780 Ibid.
1232 1714 1280 1779 I.
1352 1714 1412 1780 6.
1442 1713 1561 1780 38:
1635 1717 1686 1779 οἱ
1758 1715 1808 1778 δ’
1873 1717 2174 1789 Ἀθηναῖοι
2251 1714 2691 1788 κατέπλευσαν
2766 1716 2854 1786 εἷς
2914 1716 3028 1788 τὴν

646 1822 1027 1899 Μυτιλήνην,
1094 1821 1312 1885 ἐκεῖθεν
1378 1819 1429 1884 δ’
1478 1821 1923 1900 ἐπανήχθησαν
1985 1822 2072 1892 εἷς
2132 1822 2242 1895 τήν
2290 1820 2431 1885 Χίον
2479 1820 2582 1884 καὶ
2616 1818 2854 1884 οὐδὲν
2901 1818 3030 1882 δια-

646 1926 1025 2007 πραξάμενοι
1082 1926 1488 1991 ἀπέπλευσαν
1537 1927 1637 1991 ἔπ)
1690 1926 1931 2002 Σάμου.
1981 1925 2122 1990 Hoc
2170 1926 2635 2011 propemodum
2677 1924 3028 1990 ridiculum

645 2037 745 2098 est
791 2031 868 2096 de
914 2032 1408 2097 Atheniensibus
1423 2079 1439 2109 ‚
1484 2034 1595 2116 qui
1640 2034 1859 2116 paucis
1908 2031 2130 2096 diebus
2175 2037 2322 2096 ante
2366 2031 2827 2116 Spartanorum
2873 2030 3029 2095 clas-

644 2159 783 2202 sem
829 2137 1193 2202 devicerant
1236 2139 1455 2221 itaque
1501 2135 1844 2222 supplebo:
1896 2137 2060 2202 οὐδὲν
2107 2135 2286 2216 (πλέ
2304 2159 2332 2201 ο
2351 2142 2407 2217 ν)
2453 2134 2961 2214 διαπραξάμενοι.

736 2240 971 2306 XVIII.
1040 2241 1199 2306 Ibid.
1263 2240 1312 2305 I.
1365 2239 1425 2308 ¹7.
1455 2240 1531 2305 3:
1596 2240 1911 2318 διηγοῦντο
1971 2243 2022 2306 οἱ
2083 2242 2383 2321 ςρατηγοὶ
2431 2241 2570 2320 περί
2615 2264 2689 2305 τε
2733 2249 2847 2315 τῆς
2893 2263 3029 2305 ναυ-

648 2346 903 2426 μαχίας
965 2345 1067 2410 καὶ
1133 2350 1269 2411 τοῦ
1329 2345 1735 2425 μεγέθους
1795 2350 1903 2411 τοῦ
1956 2348 2283 2425 χειμῶνος.
2330 2347 2568 2411 Abesse
2613 2345 2844 2411 malim
2888 2350 3024 2411 τοῦ

647 2450 1071 2532 μεγέθουω

737 2556 917 2621 XIX.
989 2554 1225 2622 Contra
1284 2555 1435 2621 ibid.
1485 2556 1535 2620 I.
1588 2553 1649 2622 ¹7.
1679 2555 1755 2619 4:
1821 2554 1984 2620 ἄλλο
2029 2557 2194 2622 οὐδὲν
2245 2556 2588 2634 αἰτιώμενοι
2638 2554 2788 2621 ἀλλ’
2838 2557 2874 2631 ἢ
2923 2554 3027 2620 τὸν

646 2666 967 2744 χειμῶνα,
1017 2660 1488 2747 suppleverim:
1534 2661 1637 2726 τὸν
1684 2666 1968 2743 χειμῶνα
2017 2658 2330 2743 (μόνον).

737 2767 886 2832 XX.
954 2766 1119 2832 Ibid.
1185 2765 1234 2830 I.
1291 2764 1351 2832 ’7.
1386 2765 1503 2832 19:
1570 2770 1635 2832 οὐ
1683 2769 2182 2844 μετανοήσαντες
2227 2767 2511 2847 εὑρήσετε
2558 2764 2760 2847 ὅςερον
2807 2770 3028 2847 σφῖις

646 2874 875 2944 αὐτοὺς
945 2872 1383 2952 ἡμαρτηκότας
1444 2873 1530 2937 τοὶ
1591 2874 1834 2950 μέγιςα
1899 2874 1986 2945 εἰς
2051 2872 2212 2946 θεούς
2275 2897 2349 2936 τε
2393 2872 2496 2938 καὶ
2548 2874 2713 2949 ὑμᾶς
2760 2870 3026 2949 αὐτοὺς,

585 3030 589 3034 .
645 2980 753 3043 hic
814 2981 870 3042 si
929 2980 1307 3061 interpretes
1368 2997 1555 3063 rogas
1618 2978 1774 3061 quid
1835 2981 1922 3042 sit
1983 2982 2160 3057 σφοῖς
2222 2976 2448 3049 αὐτούς
2468 3025 2484 3054 ,
2543 2998 2670 3041 uno
2733 2997 2840 3041 ore
2908 2975 3031 3041 cla-

645 3085 917 3150 mabunt
978 3085 1155 3161 σφάς
1214 3082 1443 3153 αὐτοὺς
1504 3104 1673 3147 nunc
1735 3083 1996 3167 quidem
2056 3104 2191 3148 esse
2249 3082 2629 3147 reflexivum
2676 3101 3030 3166 pronomen

645 3209 947 3276 personae
1006 3189 1316 3251 semmdae.
1386 3186 1506 3252 Est
1567 3207 1639 3252 ea
1698 3208 1798 3251 res
1856 3209 1969 3273 per
2030 3208 2097 3252 se
2161 3190 2315 3252 satis
2374 3184 2762 3252 incredibilis
2824 3206 3028 3270 eoque

647 3297 904 3381 aegrius
972 3294 1249 3359 adducor
1316 3298 1392 3357 ut
1462 3313 1606 3357 eam
1678 3293 2032 3357 doctrinam
2091 3292 2459 3377 amplectar,
2525 3293 2825 3377 quoniam
2885 3296 3031 3376 post

644 3401 837 3466 breve
897 3398 1316 3465 intervallum
1376 3399 1690 3482 scriptum
1751 3402 1850 3461 est
1894 3400 1997 3461 uti
2041 3399 2330 3481 oportuit
2376 3396 2542 3473 ὑμᾶς
2592 3395 2838 3466 αὐτούς.
2903 3394 3032 3459 Sed

642 3507 783 3589 ipsa
842 3506 1156 3568 sententia
1214 3502 1479 3566 laborat.
1545 3501 1690 3579 Qui·
1734 3500 2158 3580 ἀμαρτάνουσι
2221 3501 2305 3564 τοὶ
2369 3501 2610 3577 μέγιςα
2675 3499 3030 3565 secundum

646 3606 1193 3693 Euryptolemum
1212 3653 1227 3681 ‚
1292 3625 1418 3668 non
1488 3603 1766 3691 populu's
1819 3611 1916 3669 est
1980 3605 2474 3669 Atheniensium
2495 3652 2508 3677 .
2572 3624 2723 3669 nam
2769 3606 2822 3669 si
2873 3603 3033 3688 quid

648 3712 885 3777 errabit
901 3758 917 3786 ,
988 3711 1067 3775 ab
1136 3708 1281 3773 aliis
1348 3707 1521 3773 mala
1589 3710 1812 3774 fraude
1881 3709 2182 3794 deceptus
2253 3709 2491 3774 errabit
2557 3712 2774 3794 itaque
2835 3707 3032 3793 longe

644 3816 963 3899 longeque
1023 3815 1229 3877 maior
1287 3812 1475 3897 culpa
1527 3821 1623 3877 est
1673 3835 1931 3891 eorum,
1982 3816 2093 3898 qui
2139 3813 2286 3879 odio
2331 3835 2403 3879 ac
2450 3814 2661 3877 furore
2708 3817 3032 3897 praetores

648 3922 1135 4005 persequuntur.
1199 3915 1270 3981 Si
1324 3937 1669 4001 pronomen
1731 3920 2010 3995 abesset,
2074 3924 2310 4003 quanto
2357 3920 2593 3982 rectius
2639 3916 3030 4001 intelligere-

648 4042 831 4089 mus:
872 4022 1156 4101 εὑρήσετε
1198 4019 1422 4092 αὐτοὺς
1459 4022 1900 4103 ήμαρτηκότας
1926 4023 2012 4087 τά
2037 4021 2300 4099 μέγιςα.
2341 4021 2547 4087 Verba
2566 4020 3028 4107 Euryptolemi

648 4133 749 4195 sat
804 4125 973 4192 male
1033 4127 1251 4191 habita
1297 4145 1430 4190 esse
1478 4128 1796 4192 videntur.
1845 4126 2066 4192 Veluti
2113 4130 2436 4212 superiore
2479 4126 2880 4211 paragrapho
2928 4126 3028 4189 bis

648 4232 895 4317 legitur
940 4230 1175 4296 ἐκείνων
1195 4252 1209 4269 ·
1275 4232 1482 4315 priore
1542 4231 1682 4296 loco
1700 4279 1718 4309 ,
1782 4231 1950 4316 quod
2009 4230 2494 4296 Breitenbachio
2557 4229 3030 4300 concedendum

650 4342 747 4403 est
765 4384 782 4413 ,
864 4334 1268 4421 intelligendi
1351 4340 1502 4401 sunt
1585 4336 1862 4402 Pericles
1932 4342 1996 4401 et
2031 4336 2421 4404 -Diomedon
2440 4384 2456 4413 ,
2535 4334 2734 4400 altero
2804 4339 3026 4399 autem

648 4442 1071 4508 Theramenes
1116 4446 1180 4506 et
1226 4439 1690 4527 Thrasybulus.
1755 4440 1954 4509 Addit
1999 4445 2218 4507 autem
2262 4439 2786 4506 Breitenbachius
2835 4438 3024 4518 „dass
