3351 5463
779 388 866 435 AD
912 386 1114 435 0Assu
1155 387 1366 435 morus
1411 386 1828 443 zommffloun
1872 386 2225 435 meror-us.
2545 370 2691 452 ,431

200 566 206 571 ’
321 555 581 619 tatione.
630 550 948 637 Equidem
987 552 1210 617 dubito
1257 556 1480 616 utrum
1526 550 1835 616 excidisse
1881 551 2035 636 quid
2080 551 2440 637 putandum
2487 556 2571 616 sit
2619 573 2699 617 an

319 659 479 725 forte
526 657 977 744 corrigendum
1014 656 1404 725 vocabulum
1442 657 1778 743 quoddam.
1812 656 1997 721 Nam
2034 658 2102 722 τὸ
2145 658 2437 731 ἐποίησαν
2477 680 2698 723 sensus

321 763 722 831 commendat
738 811 755 841 ‚
809 762 1048 840 ἐγένετο
1093 762 1586 849 palaeographia
1601 783 1619 841 3
1680 762 1791 829 sed
1850 762 2243 847 probabilius
2304 765 2471 828 mihi
2533 764 2703 830 vide·

323 875 432 935 tur
493 871 732 937 vitium
795 890 869 934 eo
932 869 1120 934 modo
1179 890 1314 935 esse
1376 868 1733 935 tollendum
1802 872 1877 933 ut
1946 889 2059 953 pro
2130 866 2378 943 ἔκδηλον
2445 870 2701 957 legatur

319 975 447 1051 ε’δή
468 991 508 1041 λ
527 1000 554 1040 ο
574 999 606 1040 υ
625 1001 674 1041 ν.

410 1194 632 1259 Zonar.
685 1190 745 1259 7.
781 1191 882 1259 17.
914 1194 949 1257 1
1002 1200 1174 1279 (pag.
1228 1192 1359 1275 58).
1422 1192 1580 1259 Plus
1641 1214 1837 1279 quam
1902 1193 2103 1259 semel
2166 1194 2393 1259 offendi
2454 1197 2519 1259 in
2580 1196 2700 1260 hoc

316 1300 591 1366 Zonaras
630 1301 855 1383 capite.
897 1298 984 1363 Et
1025 1319 1416 1384 quamquam
1454 1298 1626 1363 haud
1661 1301 1909 1385 ignoro,
1950 1302 2115 1364 sicut
2138 1303 2389 1385 saepius
2410 1304 2704 1385 scriptori

319 1411 394 1470 tu
459 1406 744 1489 imputes
792 1404 960 1490 quod
1007 1426 1124 1489 ego
1169 1407 1382 1489 potius
1429 1403 1675 1469 librarii
1724 1404 2010 1469 socordia
2056 1410 2386 1490 peecatum
2435 1406 2709 1472 credide·

315 1513 442 1575 rim
462 1558 479 1589 ,
526 1513 620 1575 ita
659 1531 826 1575 nunc
867 1530 1119 1596 quoque
1159 1531 1264 1575 me
1301 1510 1423 1575 tibi
1461 1510 1727 1575 fortasse
1766 1509 1973 1575 videri
2010 1511 2415 1576 coniectando
2453 1515 2706 1577 mutare

317 1637 478 1703 quae
518 1618 764 1681 moveri
804 1625 928 1681 non
970 1620 1256 1700 oporteat
1274 1664 1290 1692 ,
1332 1620 1550 1680 tamen
1587 1615 1962 1700 proferenda
1998 1616 2300 1681 videntur
2340 1638 2499 1702 quae
2540 1618 2707 1682 mihi

320 1719 678 1807 displicent.
728 1721 1009 1806 Exponit
1049 1704 1335 1806 scriptor,
1379 1720 1668 1785 tribunos
1708 1719 2061 1806 postulasse
2098 1726 2173 1786 ut
2212 1742 2367 1807 ager
2407 1744 2484 1787 ex
2523 1723 2707 1789 hoste

320 1832 544 1913 eaptus
603 1827 844 1913 populo
907 1826 1321 1904 divideretur,
1387 1828 1732 1911 optimates
1792 1847 1943 1893 vero
1989 1847 2068 1891 ne
2115 1827 2183 1892 id
2228 1829 2563 1893 concedere
2610 1850 2705 1894 co-

316 1938 624 2021 gerentur
684 1931 852 1998 bella
914 1954 992 1998 ex
1053 1931 1239 1999 bellis
1302 1934 1572 1998 seruisse
1638 1928 1712 1996 ἵν’
1760 1932 1968 2003 αὐτοῖς
2021 1934 2471 2013 ἀσχολούμενοι
2516 1934 2704 2011 μηδὲν

318 2042 452 2123 περὶ
517 2048 628 2115 τῆς
689 2047 808 2118 γῆς
859 2045 1442 2119 πολυπραγμονῶσι.
1506 2036 1696 2117 χρόνῳ
1745 2038 1807 2103 δέ
1858 2062 2009 2103 ποτε
2060 2040 2554 2114 ὑποτοπήσαντές
2605 2063 2705 2103 τι·

320 2172 444 2219 νες
494 2147 564 2211 τὸ
612 2145 1057 2225 πραττόμενον,
1105 2147 1212 2209 οὐκ
1259 2142 1391 2209 εἴων
1442 2145 1546 2209 xa>
1597 2141 1798 2225 ἄμφω
1848 2145 1984 2215 τοὺς
2036 2145 2305 2218 ὑπάτους
2358 2145 2391 2220 ἢ
2442 2170 2705 2224 στρατη-

321 2252 470 2332 γοὺς
537 2251 650 2317 ὑπὸ
713 2257 829 2315 τῶν
895 2252 1160 2315 δυνατῶν
1215 2250 1717 2325 ἀποδείκνυσθαι,
1768 2251 1919 2315 ἀλλ’
1966 2252 2173 2327 ἤθελον
2222 2251 2322 2315 καὶ
2375 2252 2546 2315 αὐτοὶ
2599 2251 2701 2314 τὸν

318 2357 513 2437 ἕτερον
565 2359 632 2421 ἐκ
679 2363 793 2423 τῶν
834 2356 1208 2437 εὐπατριδῶν
1249 2357 1568 2435 αἱρεῖσθαι.
1618 2355 1930 2441 Displicet
1968 2356 2315 2421 admodum
2352 2378 2702 2441 pronomen

319 2490 476 2535 τινες
528 2464 725 2549 (quod
772 2464 951 2529 abest
994 2465 1063 2528 in
1107 2462 1242 2527 eod.
1292 2462 1410 2541 A);
1461 2483 1587 2526 non
1633 2464 1807 2527 enim
1867 2462 2109 2545 quidam
2128 2509 2145 2539 ,
2205 2465 2443 2547 opinor,
2502 2466 2703 2547 suspi-

321 2572 626 2638 cabantur
683 2568 838 2656 quid
887 2567 1136 2635 consilii
1183 2570 1436 2653 patricii
1481 2568 1788 2631 haberent
1803 2615 1819 2647 ‚
1870 2567 1977 2631 sed
2023 2590 2215 2631 omnes
2260 2568 2467 2654 plebei
2512 2575 2703 2653 atque

323 2677 623 2763 inprimis
670 2676 946 2754 tribuni,
995 2677 1101 2760 qui
1150 2677 1283 2740 iam
1328 2672 1820 2759 postulaverunt
1856 2679 1931 2738 ut
1970 2673 2204 2759 populo
2239 2673 2460 2739 liceret
2498 2695 2703 2739 unum

321 2783 682 2850 alterumve
751 2804 830 2846 ex
896 2779 1263 2847 consulibus
1334 2799 1561 2845 creare.
1631 2778 2017 2865 Expungere
2080 2785 2294 2844 tamen
2324 2802 2701 2863 pronomen

320 2893 435 2956 vix
494 2890 702 2954 ausim
721 2939 738 2972 ‚
807 2889 948 2973 quis
1007 2888 1182 2952 enim
1229 2886 1399 2971 quod
1445 2897 1704 2970 prorsus
1752 2906 2292 2970 supervacaneum
2338 2889 2425 2950 sit
2464 2888 2540 2952 de
2586 2907 2701 2952 suo

321 2991 663 3064 adiecerit?
738 2985 1129 3077 Corruptum
1173 2994 1382 3078 igitur
1428 3012 1504 3055 ex
1552 2989 1722 3056 male
1767 2991 1950 3056 lectis
1994 2990 2269 3057 Zonar'ae
2315 2992 2525 3059 verbis
2572 3013 2708 3078 pro-

323 3099 600 3167 babilius
659 3098 916 3164 videtur
969 3105 1033 3162 et
1078 3100 1172 3162 ita
1214 3095 1433 3162 locum
1481 3097 1965 3183 corrigendum:
2013 3098 2205 3176 χρόνῳ
2254 3097 2316 3160 δέ
2365 3121 2515 3160 ποτε
2564 3099 2704 3162 ὑπο-

317 3206 702 3279 τοπήσαντες
751 3204 830 3269 ‘tl
874 3202 994 3277 εἴη
1041 3203 1108 3266 τὸ
1164 3202 1584 3280 πραττόμενον
1633 3216 1821 3266 κ.τ.λ.

409 3310 486 3376 In
547 3310 833 3380 eiusdem
892 3309 1166 3400 Zonarae
1228 3309 1454 3392 capitis
1505 3308 1905 3393 paragrapho
1958 3305 1994 3372 '7
2042 3310 2155 3372 vix
2203 3307 2474 3372 dubium
2520 3314 2701 3392 puta-

320 3419 532 3482 verim
579 3418 734 3500 quin
781 3435 855 3480 ex
906 3415 1268 3500 fragmento
1316 3411 1557 3476 Dioneo
1604 3411 1919 3476 medicina
1956 3413 2043 3474 sit
2080 3411 2387 3477 afferenda
2424 3416 2702 3478 sermoni

323 3541 588 3597 mance,
653 3525 717 3585 et
777 3519 1188 3585 inserendum
1235 3517 1613 3583 adverbium
1660 3520 1805 3601 post
1850 3507 2221 3598 διχοστασίᾴ
2271 3522 2359 3601 (p.
2413 3516 2498 3581 62
2547 3517 2696 3582 Zon.

316 3647 412 3692 vs,
465 3625 558 3710 3),
603 3615 819 3693 itaut
861 3625 1150 3711 legatur:
1209 3633 1285 3706 τῇ
1332 3624 1567 3688 ἐκείνων
1615 3623 1988 3702 διχοστασίςι
2038 3621 2320 3698 (πλέον)
2365 3621 2398 3697 ἢ
2441 3633 2515 3705 τῇ
2564 3624 2699 3688 §av-

319 3736 437 3796 τῶν
485 3733 829 3811 θαρροῦντες
879 3713 1076 3808 itu-5551.
1314 3723 1318 3726 ’

414 3937 651 4006 Contra
710 3941 782 4002 in
843 3940 1131 4023 sequenti
1178 3940 1384 4022 capite
1429 3939 1464 4022 ξ
1504 3937 1604 4004 18.
1634 3937 1672 4002 6
1722 3941 1894 4023 (pag.
1948 3934 2053 4000 65.
2084 3934 2151 4017 5)
2193 3935 2556 4002 liberandus
2604 3944 2701 4002 est

315 4045 592 4111 Zonarae
639 4066 846 4110 sermo
893 4043 1164 4109 molesta
1211 4043 1597 4109 abundantia
1641 4044 1736 4121 „oi
1784 4041 2202 4121 στρατιάρχοιι
2252 4041 2505 4106 Λούκιόν
2559 4067 2698 4108 τινα

317 4152 522 4216 Σίκιον
572 4197 767 4216 .....
817 4149 1114 4228 ἔπεμψαν
1175 4148 1279 4213 καὶ
1347 4147 1448 4213 διὰ
1507 4151 1624 4213 τῶν
1690 4149 2279 4226 συνεκπεμφθὲντων
2329 4150 2495 4227 αὐτῷ
2560 4151 2692 4214 τὸν
2768 4151 2779 4160 ”

315 4257 573 4334 ἄνδρα
637 4255 998 4336 διέφθειραν.
1069 4253 1404 4339 Irrepsisse
1465 4257 1592 4319 ista
1653 4255 1754 4317 τὸν
1818 4252 2004 4332 ἄνδρα
2055 4275 2130 4318 ex
2177 4254 2585 4337 sequentibus
2635 4261 2700 4320 et

321 4364 442 4428 hoc
491 4361 629 4427 loco
679 4360 955 4427 tollenda
1001 4359 1298 4445 equidem
1347 4379 1588 4424 censeo.
1636 4361 1725 4424 At
1769 4367 1842 4426 tu
1888 4361 2153 4426 fortasse
2189 4361 2256 4422 in
2294 4357 2533 4426 Zonara
2572 4382 2699 4425 non

325 4467 618 4534 miranda
678 4465 833 4532 talia
889 4465 1132 4532 iudicas
1190 4484 1393 4550 neque
1457 4466 1715 4530 omnino
1775 4464 2071 4533 tollenda.
2135 4464 2309 4532 Num
2371 4466 2575 4552 igitur
2634 4468 2703 4556 in
