3351 5463
605 348 738 416 290
1544 367 2044 418 memoramus.

695 530 805 596 Vs.
858 530 1053 597 1020.
1100 528 1554 611 αὐτοκράτορας
1601 530 1895 612 πρέσβεις
1942 533 2342 611 οἰποπέροπειν
2391 535 2609 615 ἐνθαδί.

603 637 798 704 Recte
843 638 1215 705 Bachmann
1258 643 1667 724 transponere
1714 639 1884 704 mihi
1928 639 2188 706 videtur

1101 742 1397 827 πρέσβεις
1442 745 1843 823 ἀποπέμπειν
1889 744 2349 828 αὐτοκράτορας
2397 746 2600 816 ἐνθαδί

602 855 667 917 et
709 849 978 917 meliore
1024 851 1371 917 verborum
1419 850 1637 918 ordine
1684 854 1751 918 et
1797 855 2220 920 numerosius.

692 1115 801 1184 Vs.
854 1115 1049 1182 1080.
1935 1061 1939 1065 ²
2168 1118 2320 1184 ἀλλ’
2368 1114 2496 1184 ὅπα
2544 1117 2774 1184 σέλει

1099 1223 1313 1286 παντᾶ
1361 1245 1460 1293 τις
1509 1221 1762 1287 ἐλσὼν
1809 1220 2006 1299 ἁμὶν
2053 1223 2392 1304 εἰράναν
2439 1222 2664 1290 σέτω.

599 1329 727 1394 Pro
793 1329 980 1393 ἐλσὼν
1044 1329 1429 1393 correxerim
1494 1327 1734 1393 ἐλθὼν
1797 1327 1930 1406 (vel
1993 1326 2326 1410 ένθὼνῖ),
2390 1332 2542 1416 quia
2600 1331 2991 1396 vetustiores

601 1432 783 1499 tituli
868 1432 1165 1519 Spartani
1242 1431 1513 1498 fideliter
1586 1443 1640 1498 Θ
1712 1439 2004 1513 servant,
2074 1435 2168 1500 ita
2236 1440 2312 1499 ut
2379 1435 2551 1521 apud
2617 1435 2995 1520 Aristopha-

598 1561 750 1606 nem
835 1538 1037 1617 σέλει,
1125 1537 1318 1616 σέτω,
1410 1537 1515 1602 σιώ
1603 1544 1667 1604 et
1753 1538 1996 1605 similia
2081 1560 2158 1604 ex
2243 1543 2594 1625 posteriore
2679 1540 2997 1610 scribendi

598 1648 844 1710 ratione
914 1647 1168 1710 invecta
1230 1641 1443 1720 ,videri
1505 1647 1773 1729 possint.
1838 1645 2177 1711 Praeterea
2247 1643 2449 1710 Dores
2505 1644 2795 1733 plerique
2858 1668 2990 1712 non

600 1748 809 1828 εἰρανα
878 1748 1100 1814 dicunt
1170 1748 1279 1813 sed
1348 1749 1579 1826 εἰρήνα.
1636 1748 1923 1814 Tandem
1985 1770 2336 1834 pronomen
2410 1752 2561 1835 quia
2629 1751 2695 1816 h.
2744 1749 2790 1816 l.
2863 1773 2991 1818 non

599 1860 697 1921 est
778 1854 1219 1939 emphaticum
1246 1901 1263 1930 ‚
1348 1852 1587 1919 melius
1672 1847 1991 1920 ecribetur
2075 1849 2228 1933 ἆμιν
2314 1876 2464 1920 cum
2546 1855 2834 1944 Reisig-io
2923 1861 2991 1922 et

598 1960 991 2026 Hermanno.
1078 1960 1545 2044 Antiquissima
1628 1961 1838 2045 igitur
1912 1959 2108 2025 huius
2171 1959 2298 2025 loci
2369 1962 2562 2026 facies
2629 1962 2757 2030 fuit
2770 2009 2788 2040 ,
2861 1964 2988 2028 nisi

598 2063 820 2130 fallor:

1040 2259 1045 2262 Ι
1931 2171 2084 2236 ἀλλ’
2131 2165 2256 2236 ὅπα
2307 2169 2531 2236 θέλει

1099 2278 1313 2342 παντοῖ
1362 2298 1457 2348 τις
1505 2275 1744 2341 ἐλθὼν
1787 2273 2049 2357 (ἔνθὼνῖ)
2094 2271 2292 2353 ἅμιν
2336 2277 2665 2355 εἰρήναν
2713 2275 2930 2344 θέτω.

689 2380 1125 2446 Nihilominus
1187 2380 1324 2446 fieri
1384 2401 1569 2467 posse
1630 2401 1759 2445 non
1829 2402 1992 2470 nego
2011 2427 2028 2458 ,
2093 2385 2169 2444 ut
2230 2401 2382 2445 cum
2442 2383 2577 2446 iam
2625 2383 2986 2469 antiquitus

598 2485 1126 2553 Lacedaemonios
1172 2485 1462 2553 litteram
1510 2495 1564 2550 Θ
1614 2507 1766 2551 sono
1813 2485 2130 2552 sibilantis
2167 2485 2506 2552 simillimo
2547 2490 2990 2571 pronuntiasse

598 2592 920 2679 probabile
966 2595 1053 2658 sit
1069 2640 1086 2671 ‚
1134 2593 1595 2680 Aristophanes
1644 2598 1721 2656 ut
1766 2594 2145 2678 peregrinus
2190 2590 2410 2657 littera
2452 2602 2504 2658 Σ
2544 2592 2716 2657 hunc
2756 2613 2990 2658 sonum

595 2698 1074 2786 significaverit.
1123 2697 1329 2780 Quare
1368 2699 1485 2765 hac
1524 2698 1788 2785 quidem
1823 2699 1894 2763 in
1931 2718 2000 2786 re
2039 2695 2208 2763 nihil
2246 2717 2480 2764 novare
2519 2697 2718 2765 fuerit
2756 2700 2988 2765 tutius.

690 2979 794 3045 Vs.
849 2978 1048 3044 1114.
1854 2979 1972 3042 ποῦ
2021 2976 2186 3041 ἔστιν
2233 2979 2267 3053 ἦ
2320 2978 2706 3059 Διαλλαγής

960 3082 1587 3166 πρόσαγελαβοῦσα
1633 3088 1907 3164 πρῶτα
1955 3082 2100 3156 τούς
2146 3083 2576 3164 Λακωνικούς,

957 3190 1061 3257 καὶ
1103 3192 1193 3270 μὴ
1240 3198 1505 3273 χαλεπῇ
1552 3199 1630 3273 τῇ
1677 3188 1837 3271 χειρὶ
1889 3187 2034 3267 μηδ’
2083 3187 2422 3272 αὐθαδικῇ,

954 3297 1102 3377 μηδ’
1149 3294 1346 3375 ὥσπερ
1395 3298 1561 3372 ἡμῶν
1606 3291 1819 3376 ἄνδρες
1866 3294 2123 3370 ἀμαθῶς
2169 3294 2339 3359 τοῦτ’
2390 3293 2586 3377 ἔδρων,

958 3404 1109 3469 ἀλλ’
1155 3405 1235 3474 ὣς
1283 3408 1592 3481 γυναῖκας
1639 3400 1836 3480 εἰκός,
1885 3401 2113 3472 οἰκείως
2160 3390 2348 3465 πάνυ.

959 3510 1030 3585 ἢν
1075 3510 1165 3587 μὴ
1208 3507 1339 3587 διδῷ
1389 3510 1498 3583 τὴν
1543 3513 1770 3591 χεῖρα,
1821 3515 1934 3582 τῆς
1981 3506 2169 3581 σάθης
2218 3503 2368 3584 ἄόὶε.

778 3613 910 3681 420
958 3615 1063 3681 ἰθι
1111 3612 1251 3680 καὶ
1301 3613 1391 3679 σὺ
1442 3612 1780 3685 τούτους
1832 3612 1971 3685 τοὺς
2023 3613 2374 3687 Ἀθηναίους
2425 3608 2614 3693 ἄγε·

960 3716 1045 3785 οὗ
1090 3718 1142 3785 δ’
1194 3718 1285 3784 ἂν
1330 3717 1569 3797 διδῶσι,
1620 3718 1987 3797 πρόσαγε
2035 3717 2252 3783 τούτου
2300 3716 2645 3797 λαβομένη.

595 3828 939 3895 Manifesto
983 3825 1228 3892 laborat
1274 3846 1369 3891 vs.
1421 3823 1554 3890 420
1570 3846 1586 3903 3
1638 3846 1790 3890 cum
1835 3825 2012 3889 enim
2057 3824 2211 3889 haec
2259 3822 2553 3889 dicantur
2593 3823 2674 3889 ad
2715 3823 2985 3889 eandem

596 3932 1009 4018 (Diallagen)‚
1070 3932 1468 4016 ineptissime
1532 3934 1846 4015 scriptum
1915 3935 2010 3995 est
2079 3953 2116 3993 κ
2132 3928 2212 3994 α)
2275 3952 2314 3994 ο·
2335 3928 2368 3994 ὺ
2388 3977 2406 4007 ,
2472 3928 2644 4015 quod
2687 3950 2814 3995 non
2857 3931 2988 3994 nisi

596 4039 943 4105 durissimo
1007 4037 1364 4123 hyperbato
1426 4035 1732 4122 explicari
1792 4040 2007 4121 potest
2065 4056 2182 4120 pro
2242 4036 2332 4103 σὺ
2393 4034 2530 4099 καὶ
2579 4034 2866 4113 τούτους,
2913 4038 2987 4099 in

597 4165 722 4230 quo
780 4149 999 4211 tamen
1058 4154 1408 4228 pronomen
1470 4141 1639 4209 male
1704 4142 2076 4207 abundaret.
2147 4141 2487 4209 Praeterea
2531 4161 2660 4206 non
2707 4162 2986 4229 agnosco

595 4249 1093 4334 Aristophanem
1151 4251 1221 4313 in
1284 4245 1411 4326 ἄγε
1467 4251 1538 4313 in
1598 4247 1824 4314 eadem
1870 4266 2094 4312 versus
2140 4246 2288 4313 sede
2308 4294 2326 4326 ‚
2376 4266 2502 4332 qua
2545 4248 2616 4311 in
2663 4267 2762 4312 vs.
2811 4266 2988 4331 prae-

596 4375 815 4444 gresso
877 4354 1139 4442 legitur,
1203 4354 1555 4419 admodum
1614 4351 2015 4437 ineleganter
2059 4354 2332 4438 repetito
2351 4345 2389 4430 ,’
2417 4354 2796 4437 praesertim
2839 4352 2991 4417 sub-

596 4466 898 4547 sequente
958 4463 1029 4527 in
1091 4481 1185 4525 vs,
1247 4462 1541 4548 proximo
1606 4458 1799 4525 verbo
1850 4457 2154 4539 πρόσαγε.
2203 4457 2467 4525 Accedit
2514 4458 2683 4543 quod
2725 4461 2990 4544 propter
