3351 5463
880 590 1365 684 VERGILII
1422 591 1976 683 MORETUM.

1240 775 1247 780 '
1314 782 1562 824 scmrsrr

1094 919 1181 984 H.
1229 918 1301 982 Τ.
1349 917 1772 984 KARSTEN.

1233 1133 1659 1178 *w*

329 1339 439 1404 Vs.
494 1339 580 1404 99
651 1345 715 1404 et
757 1339 939 1404 lae‘va
982 1343 1231 1404 vestem
1276 1343 1519 1403 saetosa
1565 1338 1684 1402 sub
1730 1339 1999 1423 inguina
2043 1338 2231 1403 fulcit
2250 1386 2267 1416 ,

654 1445 912 1510 dextera
958 1443 1205 1528 pistillo
1250 1445 1539 1528 primum
1582 1443 1936 1529 fragrantia
1982 1442 2199 1528 mollit

656 1550 825 1616 allia.

245 1653 410 1722 Cum
448 1678 654 1742 nuper
692 1655 979 1742 legerem
1015 1654 1215 1740 lepidi
1254 1657 1553 1720 carminis
1585 1655 1948 1720 versionem
1971 1652 2626 1741 Burgersdijkianam‚

246 1761 453 1828 denuo
516 1783 623 1827 me
682 1763 907 1848 tetigit
968 1783 1162 1846 quam
1207 1763 1502 1846 ineptum
1550 1763 1636 1825 sit
1681 1762 1914 1826 horum
1962 1782 2271 1828 versuum
2315 1763 2488 1847 prior
2532 1764 2634 1827 uti

245 1867 601 1932 exhibetur
629 1866 979 1932 secundum
1027 1866 1271 1932 codices
1318 1867 1395 1931 ab
1444 1866 1744 1930 omnibus
1793 1865 2163 1931 editoribus,

335 1971 537 2038 Mitto
594 1972 773 2038 foede
836 1972 1083 2037 dictum
1101 2020 1118 2050 ,
1168 1978 1403 2036 saetosa
1449 1971 1723 2051 inquinat.
1771 1971 1866 2035 Ea
1912 1977 2130 2036 autem
2176 1993 2301 2036 non
2347 1976 2633 2038 contecta

246 2075 441 2142 habet
500 2081 781 2144 rusticus
844 2082 1060 2143 noster
1120 2085 1277 2142 veste
1334 2097 1564 2142 verum
1626 2076 1855 2141 cinctus
1917 2082 2012 2141 est
2073 2078 2324 2143 villosae
2384 2079 2636 2158 teqmine

248 2204 465 2264 caprae
529 2190 653 2264 (vs.
703 2182 839 2262 22),
903 2182 1071 2268 quod
1135 2187 1396 2268 tegmen
1458 2185 1513 2246 si
1574 2182 1735 2246 forte
1791 2181 2220 2260 delabebatur,
2270 2183 2636 2269 recingebat

249 2289 563 2352 nimirum
646 2309 851 2373 neque
933 2286 1154 2352 inutili
1238 2292 1302 2352 et
1371 2287 1645 2352 molesto
1713 2287 1926 2352 labore
1995 2309 2194 2352 manu
2263 2290 2634 2355 sustinebat.

252 2392 515 2458 Accedit
578 2393 751 2478 quod
807 2393 1027 2459 laevae
1090 2413 1320 2456 manus
1384 2413 1572 2477 opera
1637 2413 1848 2457 carere
1911 2414 2038 2457 non
2099 2398 2307 2478 potest
2369 2393 2448 2458 ad
2514 2393 2638 2458 ful·

256 2500 553 2564 ciendum
613 2502 998 2564 mortarium
1060 2520 1139 2564 ne
1201 2501 1271 2562 in
1332 2498 1703 2563 vehementi
1763 2499 2048 2563 motione
2095 2498 2388 2564 dexterae
2407 2547 2424 2576 ,
2475 2518 2636 2584 quae

250 2609 587 2671 materiem
656 2605 875 2670 sedulo
942 2606 1142 2689 pinsit
1201 2606 1353 2668 terit
1414 2608 1834 2682 transversat,
1897 2603 2158 2668 vacillet
2218 2606 2372 2688 quin
2434 2591 2629 2669 etiam

253 2717 575 2779 evertatur
620 2716 961 2797 pereatque
1007 2715 1348 2776 moretum.

336 2816 587 2883 Scribe:
654 2825 712 2881 et
771 2817 942 2880 laeva
991 2823 1273 2879 testam
1319 2837 1374 2880 e.
1402 2837 1459 2900 q.
1489 2836 1537 2881 s.
1588 2814 1924 2893 RusticuS,
1975 2817 2087 2900 qui
2133 2838 2259 2885 non
2305 2820 2470 2892 stat,
2523 2814 2633 2881 sed

252 2924 530 2989 consedit
576 2923 917 3009 adignem
956 2929 1077 3003 (vs.
1108 2920 1243 3002 91),
1282 2922 1665 2987 mortarium
1705 2921 1898 2987 fictile
1935 2943 2049 2987 nec
2087 2924 2280 2987 nimis
2320 2942 2636 3008 magnum

250 3030 418 3093 tenet
482 3049 858 3114 appressum
918 3029 1267 3108 inquinibus
1320 3028 1568 3091 saetosis
1614 3028 1679 3092 h.
1708 3050 1760 3093 e.
1808 3029 2096 3093 inferiori
2142 3030 2422 3113 corporis
2468 3030 2637 3112 pa’rti

251 3131 482 3200 villoso
528 3137 814 3220 tegmine
862 3136 1104 3199 cinctae
1123 3182 1139 3212 ‚
1188 3139 1263 3199 ut
1307 3136 1378 3198 in
1415 3133 1532 3199 tali
1575 3156 1761 3225 opere
1801 3155 1927 3199 non
1967 3155 2108 3199 raro
2151 3137 2347 3199 etiam
2387 3139 2636 3198 nostrae

254 3238 455 3305 solent
503 3238 858 3305 ancillulae.

341 3421 613 3489 Carmen
677 3425 970 3490 versibus
1032 3412 1328 3490 insiticiis
1390 3428 1724 3489 oneratum
1771 3441 1903 3487 esse
1950 3420 2236 3509 plerique
2281 3422 2633 3489 concedunt

260 3522 683 3615 damnantque
730 3551 825 3597 vs.
877 3529 962 3595 36
1012 3536 1077 3595 et
1124 3528 1228 3595 ¹75.
1275 3530 1398 3594 His
1446 3528 1805 3593 addendum
1852 3549 2072 3613 censeo
2118 3550 2215 3594 vs·
2266 3527 2352 3593 60

661 3658 798 3717 erqo
844 3635 1031 3699 aliam
1076 3636 1319 3699 molitur
1365 3656 1529 3717 opem
1573 3636 1690 3699 sibi
1720 3634 2019 3717 providus
2065 3636 2252 3699 heros.

258 3733 377 3805 Pro
419 3742 593 3807 heros
630 3744 1035 3807 coniecerunt
1072 3743 1232 3804 aeris
1250 3790 1266 3819 ,
1306 3742 1530 3819 herbis,
1575 3742 1724 3804 escis
1759 3744 1823 3805 et
1857 3740 2122 3806 fortasse
2160 3739 2305 3805 alia.
2346 3735 2631 3806 Frustra.

258 3841 587 3914 Postrema
669 3848 865 3913 verba
934 3847 1180 3912 inficete
1241 3846 1506 3911 conficta
1575 3850 1725 3911 sunt
1794 3867 1832 3911 a
1901 3846 2178 3931 quodam
2245 3845 2633 3932 magistell0.

259 3948 477 4019 Prima
546 3956 996 4041 repetitionem
1055 3954 1378 4018 continent
1438 3973 1535 4016 vs.
1584 3951 1671 4016 54
1732 3975 1933 4015 verum
1992 3951 2179 4016 aliam
2239 3952 2355 4015 sibi
2399 3950 2640 4037 quaerit

262 4075 416 4136 opem
433 4109 449 4139 ‚
524 4061 638 4126 ubi
700 4059 996 4125 condecet
1058 4058 1409 4123 admonitio
1468 4060 1785 4122 rusticum
1845 4065 2095 4143 praeter
2155 4079 2386 4143 panem
2431 4056 2634 4125 alium

261 4160 379 4226 sibi
448 4186 749 4251 quaerere
822 4166 1040 4230 cibum
1057 4183 1074 4243 ;
1139 4164 1311 4228 hunc
1374 4168 1592 4227 autem
1651 4150 1979 4248 comparat
2041 4185 2117 4228 ex
2177 4166 2259 4228 iis
2303 4162 2598 4228 edulibus
2618 4209 2634 4240 ,

265 4284 417 4347 quae
480 4271 673 4336 habet
732 4273 902 4334 intra
966 4276 1086 4349 (vs.
1138 4266 1244 4345 58,
1294 4268 1406 4349 59)
1469 4274 1534 4334 et
1593 4273 1773 4333 extra
1834 4277 1955 4349 (vs.
2008 4268 2090 4333 61
2118 4276 2280 4354 sqq.)
2326 4272 2632 4356 parietes,

268 4390 657 4461 quorumque
706 4376 1045 4460 descriptio
1092 4373 1261 4439 male
1306 4375 1805 4469 interrumpitur
1849 4396 2042 4440 versu
2091 4374 2200 4439 60.
