3351 5463
693 381 778 452 16
1755 398 1987 452 mvms.

779 591 830 636 e.
883 568 989 636 53.
1022 568 1126 633 10.
1175 570 1449 633 Praedae
1496 616 1514 633 .
1544 616 1560 634 .
1589 616 1604 633 .
1637 569 1788 655 fuit
1832 569 2228 653 abiqnantnm.
2291 568 2351 632 V
2360 566 2709 632 enditum
2753 569 2858 631 sub
2898 569 3085 632 hasta

685 675 895 739 consul
932 675 1000 738 in
1046 675 1347 738 aerarium
1391 675 1660 755 rediqere
1707 681 2047 758 quaestores
2092 674 2293 740 iussit.

780 781 922 846 Non
985 801 1084 844 res
1139 781 1439 846 venditae
1498 783 1568 844 in
1630 783 1949 846 aerarium
2012 779 2300 878 redactae
2362 786 2547 856 sunt,
2628 779 2739 843 sed
2806 779 3086 862 praedae

687 888 985 952 venditae
1046 887 1321 963 reditus,
1386 907 1581 971 quem
1641 888 1921 952 breviter
1953 888 2251 967 praedam
2296 884 2597 948 venditam
2646 883 3081 970 appellabant.

689 992 904 1080 Igitur
960 992 1307 1079 legendum
1371 994 1797 1060 venditam.
1864 990 1960 1058 Of.
2028 991 2089 1058 2.
2118 990 2225 1056 42.
2254 991 2295 1055 2
2352 991 2679 1075 Quidquid
2724 997 2961 1075 captum
3009 1014 3088 1054 ea·

688 1099 950 1162 hostibus
995 1105 1082 1161 est
1129 1103 1233 1178 (=
1277 1099 1605 1183 praedam)
1651 1098 1928 1162 vendidit
1972 1096 2044 1160 ao
2088 1097 2320 1178 redeyit
2364 1096 2431 1160 in
2479 1097 2800 1160 aerariwm.

1687 1348 1942 1413 Liber
2004 1347 2081 1413 V.

782 1567 834 1611 e.
886 1545 949 1611 8.
978 1546 1039 1613 2.
1105 1545 1344 1609 Anxuri
1392 1545 1775 1627 praesidium
1826 1593 1841 1611 .
1871 1594 1886 1611 .
1916 1591 1931 1609 .
1969 1544 2242 1627 proditis
2302 1552 2542 1626 repente
2591 1552 2911 1627 portarum
2959 1568 2990 1608 o
3008 1569 3080 1609 u-

693 1673 724 1714 s
740 1659 812 1715 to
828 1654 872 1715 d
887 1651 914 1714 i
927 1652 958 1713 b
978 1676 1018 1714 u
1035 1674 1065 1714 8
1113 1673 1454 1733 oppres-snm
1502 1657 1606 1714 est.

785 1755 1051 1844 Gorrige
1114 1781 1145 1820 e
1162 1781 1204 1820 n
1219 1779 1248 1820 8
1265 1765 1291 1821 t
1308 1780 1339 1820 o
1355 1759 1400 1820 d
1413 1756 1439 1819 i
1454 1756 1525 1847 21⁸
1543 1777 1560 1835 ;
1623 1757 1983 1842 produntur
2045 1779 2082 1822 a
2144 1756 2516 1821 custodibus
2584 1777 2617 1820 c
2633 1777 2679 1820 u
2696 1777 2725 1820 s
2743 1763 2771 1821 t
2790 1778 2826 1821 o
2846 1757 2886 1820 d
2904 1759 2929 1821 i
2950 1777 2988 1822 a
3007 1779 3046 1822 e
3070 1807 3087 1836 ,

692 1870 767 1928 ut
814 1863 1073 1928 eaedem
1116 1862 1540 1950 negliguntur
1587 1883 1640 1929 c.
1694 1861 1799 1927 13.
1834 1862 1867 1926 1
1893 1882 1910 1939 ;
1960 1863 2041 1929 ef.
2099 1860 2203 1926 15.
2233 1861 2295 1926 4.

786 2103 838 2146 ο.
906 2080 967 2146 9.
997 2082 1058 2147 6.
1121 2082 1386 2145 Proinde
1447 2088 1504 2171 et
1562 2103 1663 2144 vos
1727 2080 1983 2144 desinite
2029 2087 2086 2143 et
2133 2080 2391 2160 colleoae
2438 2087 2544 2144 aut
2576 2081 2640 2166 f
2650 2081 2919 2144 acient
2971 2129 2986 2145 .
3016 2128 3034 2145 .
3068 2131 3087 2148 .

697 2193 822 2262 ant,
869 2186 926 2248 si
960 2187 1341 2268 pertinacius
1387 2189 1661 2263 tendent,
1711 2187 2058 2249 dictatorem
2103 2187 2390 2269 eattemplo
2439 2187 2655 2253 dicam.

788 2292 998 2356 Immo
1043 2294 1438 2377 faciant}
1493 2299 1558 2358 at
1623 2292 1923 2356 futurum
1982 2292 2039 2354 si
2087 2294 2328 2356 tendent
2374 2299 2540 2357 reete
2588 2313 2653 2357 se
2700 2294 2912 2359 habet.
2978 2290 3083 2358 Of.

702 2396 900 2483 Drag.
949 2397 1134 2484 Synt.
1183 2397 1247 2462 H
1294 2396 1423 2462 685
1449 2419 1542 2482 sq.

791 2622 844 2665 o.
892 2601 994 2665 10.
1024 2600 1087 2664 4.
1139 2601 1409 2664 Omnium
1433 2601 1701 2685 primum
1740 2601 1999 2665 tribunis
2021 2600 2434 2687 mibitnmfuit
2456 2601 2737 2663 dilectum
2774 2602 2811 2663 h
2832 2624 2871 2662 a
2886 2600 2917 2661 b
2938 2622 3015 2662 er
3032 2599 3083 2664 i.

699 2705 909 2772 Immo
954 2708 994 2770 h
1012 2731 1050 2770 a
1065 2709 1096 2770 b
1115 2730 1145 2771 e
1161 2729 1194 2771 r
1213 2730 1261 2772 e.

791 2931 843 2975 c.
888 2909 993 2974 34.
1024 2910 1084 2976 5.
1127 2911 1280 2976 Filii
1320 2914 1490 2999 regis
1530 2910 1862 2978 Celtarum
1902 2912 2235 2997 Ambigati
2278 2911 2704 2976 abundantem
2728 2910 3085 2975 incolarum

701 3016 1191 3082 multitudinem
1259 3040 1337 3083 ex
1405 3019 1612 3102 patria
1682 3018 2020 3083 deducunt.
2111 3000 2367 3082 Horum
2439 3017 2601 3083 alter
2670 3016 3085 3081 Bellonnesus

699 3124 857 3206 quod
916 3124 1087 3186 eins
1147 3146 1217 3186 ex
1266 3124 1519 3205 populis
1582 3124 1958 3200 abundabat,
2008 3122 2323 3204 Bituriyes
2343 3172 2359 3200 ,
2411 3127 2709 3187 Arvernos
2728 3170 2744 3199 ‚
2795 3122 3082 3197 Senones,

700 3230 937 3291 Aeduos
953 3276 970 3306 ‚
1020 3230 1337 3292 Ambarros
1354 3278 1370 3306 ‚
1429 3230 1717 3293 Carnutes
1735 3279 1752 3308 ,
1803 3230 2087 3293 Aulercos
2136 3229 2372 3293 ‹ea-civit.

790 3334 988 3397 Eine
1051 3343 1422 3420 corruptum
1487 3356 1621 3401 esse
1688 3338 1839 3399 satis
1904 3340 2149 3399 constat
2192 3338 2363 3399 inter
2417 3355 2654 3399 omnes.
2706 3334 3083 3417 Madvigius

701 3442 974 3505 correxit
1032 3444 1235 3525 quod
1293 3442 1376 3503 in
1433 3464 1567 3503 sea:
1614 3442 1869 3523 populis
1889 3488 1919 3527 ,ο
1970 3462 2048 3504 ex
2098 3448 2345 3526 septem
2392 3441 2758 3504 nominibus
2804 3442 3082 3524 propriis

701 3548 986 3610 eximens
1031 3546 1244 3631 aliqua
1291 3546 1366 3610 de
1412 3566 1600 3610 causa
1646 3547 1917 3609 Senones.
1966 3546 2104 3632 Ego
2147 3549 2434 3631 suspicor
2480 3546 2738 3609 Celtis
2778 3544 2882 3609 vel
2927 3545 3086 3606 Cel-

701 3652 892 3715 ticis
955 3674 1027 3713 ea·
1074 3675 1170 3733 p„
1222 3656 1297 3715 ut
1343 3673 1515 3716 error
1562 3652 1755 3715 fuerit
1800 3654 1868 3715 in
1914 3654 2190 3716 nominis
2238 3654 2480 3737 proprii
2529 3650 2937 3735 compend103
2987 3653 3085 3714 ita

699 3777 851 3820 mox
897 3755 999 3840 §8
1047 3777 1162 3841 pro
1194 3758 1545 3839 patentibus
1591 3757 1767 3820 siboto
1813 3757 2225 3841 probabiliter
2270 3764 2628 3823 correctum
2666 3763 2761 3821 est
2798 3755 3087 3837 patienti-

700 3863 804 3925 bus
852 3861 1136 3927 Salnvii&

792 4084 843 4127 e.
895 4062 1003 4128 42.
1035 4063 1094 4131 3.
1144 4063 1380 4129 'I'antae
1425 4064 1633 4129 clades
1680 4066 1919 4150 ubique
1969 4066 2337 4130 oriebantur
2383 4068 2451 4129 in
2498 4067 2652 4131 urbe
2700 4087 2814 4151 per
2863 4062 3087 4131 Gallos

699 4174 771 4233 ut
836 4169 1097 4232 Romani
1161 4193 1232 4233 ex
1295 4193 1430 4234 aree
1482 4218 1541 4234 ..
1570 4219 1583 4234 .
1634 4194 1753 4233 non
1813 4171 2100 4234 mentibus
2160 4172 2347 4235 solnm
2392 4172 2617 4235 conci
2620 4194 2671 4254 p
2692 4195 2817 4235 ere
2862 4173 2968 4235 sed
3013 4194 3089 4233 ne

697 4274 943 4339 auribus
989 4275 1225 4359 quidem
1270 4283 1445 4361 atque
1493 4277 1682 4340 oeulis
1726 4277 1879 4339 eatis
1924 4285 2296 4340 constare
2341 4286 2600 4359 possent.

792 4380 916 4459 Qui
963 4402 1111 4445 cum
1157 4380 1378 4466 Lipsio
1420 4383 1707 4447 scribunt
1749 4383 2170 4463 consipere
2208 4385 2479 4449 verbum
2516 4384 2853 4448 insolitum
2893 4382 3086 4446 Livio

694 4488 1047 4572 iniungunt
1094 4493 1285 4572 atque
1330 4491 1594 4572 insuper
1640 4490 1923 4553 otiosum
1960 4490 2143 4553 iuxta
2183 4511 2407 4555 vocem
2440 4490 2749 4553 mentibus.
2792 4486 3087 4572 Simplex
