3351 5463
1037 412 1432 469 RBOBNSIOHR
1475 412 1909 463 masmanna.
2528 390 2660 461 417

271 586 492 648 rentur
563 580 762 647 simul
822 579 1306 647 Lacedaemonii
1365 586 1430 646 et
1492 580 1907 667 Megarenses
1921 629 1937 658 ‚
1984 583 2056 645 in
2100 600 2285 646 scena
2319 584 2663 655 ‚narratum

273 710 404 755 esse
443 690 730 773 antiquis
769 687 1192 772 temporibus,
1235 708 1384 752 cum
1425 687 1848 752 Athenienses
1884 692 1951 751 et
1970 685 2379 772 Megarenses
2402 690 2663 772 propter

273 794 666 860 Salaminem
712 792 1022 858 bellarent
1039 840 1054 869 ,
1103 798 1410 876 utrosque
1446 791 1983 857 Lacedaemonios
2025 792 2297 857 arbitros
2338 793 2661 856 invocasse

274 908 336 966 et
372 899 658 965 confictis
693 899 848 964 locis
887 920 964 963 ex
994 898 1278 964 Homero
1319 918 1433 963 suo
1473 897 1761 983 decipere
1801 902 2059 964 conatos
2101 917 2234 963 esse
2255 945 2271 974 ‚
2312 895 2661 963 calliditate

276 1010 490 1071 autem
551 1004 804 1070 Solonis
860 1006 1018 1070 viris
1070 1003 1412 1089 Spartiatis
1474 1024 1608 1068 esse
1663 1005 2067 1089 impositum.
2118 1002 2325 1082 Quam
2371 1001 2661 1066 fraudem

277 1111 492 1177 Soloni
531 1113 745 1197 magis
785 1112 1121 1176 convenire
1161 1128 1356 1193 quam
1390 1109 1729 1173 Pisistrato
1753 1129 1878 1173 non
1902 1104 2246 1174 obscurum
2269 1112 2365 1173 est
2380 1154 2397 1185 ,
2427 1109 2660 1192 quippe

279 1238 420 1281 cum
481 1215 594 1281 ille
662 1217 1002 1300 praecipua
1069 1214 1323 1279 floreret
1390 1216 1868 1279 existimatione
1934 1216 2301 1298 sapientiae.
2372 1212 2661 1277 Iamvero

277 1321 454 1387 facile
502 1321 822 1387 credimus
866 1318 1284 1385 Dieuchidam
1305 1368 1321 1397 ,
1371 1340 1520 1384 cum
1568 1341 1685 1385 sua
1732 1326 2114 1405 argumenta
2159 1340 2239 1384 ex
2279 1318 2665 1385 adversario-

276 1448 417 1491 rum
479 1428 639 1491 iocis
701 1432 915 1511 petere
973 1426 1181 1491 videri
1243 1424 1446 1491 nollet
1463 1474 1480 1502 ‚
1543 1447 1623 1489 ne
1671 1446 1889 1491 ansam
1935 1431 2152 1490 tamen
2198 1426 2526 1489 omitteret
2571 1426 2665 1490 eis

275 1531 650 1597 criminandi
669 1581 686 1609 ‚
713 1606 730 1621 ,
744 1532 1162 1597 Pisistratum
1207 1553 1321 1616 pro
1367 1531 1598 1599 Solone
1647 1534 1995 1617 sumpsisse
2012 1580 2028 1609 ,
2081 1529 2278 1595 simul
2324 1532 2667 1595 accusatio-

277 1659 421 1703 nem
487 1636 633 1702 falsi
678 1658 716 1702 a
760 1658 889 1701 vss.
943 1635 1094 1714 55¹7,
1152 1635 1283 1702 558
1331 1637 1780 1703 extendentem
1829 1638 1909 1702 ad
1954 1658 2178 1704 versus
2223 1635 2667 1722 praecedentes

275 1742 418 1808 inde
481 1763 519 1807 a
581 1763 679 1807 vs.
731 1740 882 1807 546.
948 1741 1115 1821 Quid
1178 1748 1394 1807 autem
1459 1744 1515 1807 si
1565 1746 1743 1820 iam,
1794 1756 2137 1828 antequam
2184 1742 2510 1807 comoedia
2552 1740 2668 1806 illa

279 1848 553 1926 daretur,
618 1848 789 1933 apud
849 1847 1260 1935 Megarenses
1327 1847 1583 1913 auditae
1644 1849 1883 1914 fuerint
1950 1868 2135 1914 voces
2205 1847 2366 1913 aliae
2436 1848 2668 1932 quibus

278 1952 466 2019 Solon
532 1952 696 2017 aliae
757 1953 992 2037 quibus
1054 1953 1433 2019 Pisistratus
1496 1951 1941 2019 accusaretur?
2001 1954 2293 2019 Facetior
2338 1955 2533 2017 etiam
2577 1954 2667 2017 sic

277 2058 349 2123 fit
393 2061 572 2124 iocus
617 2063 840 2142 poetae
885 2056 1108 2123 Attici.

364 2162 547 2229 Alter
581 2162 762 2229 locus
802 2184 995 2248 quem
1035 2163 1256 2228 dicunt
1289 2164 1707 2229 Pisistratum
1746 2163 2163 2249 interpolasse
2198 2168 2297 2229 est
2318 2184 2411 2228 vs.
2439 2178 2479 2227 λ
2506 2160 2660 2227 631.

281 2270 523 2334 Rursus
585 2270 692 2334 hic
743 2272 1199 2355 intempestive
1243 2268 1588 2335 laudantur
1632 2272 1853 2335 heroes
1901 2272 2104 2336 Attici
2150 2274 2216 2335 et
2263 2262 2484 2333 rursus
2531 2268 2667 2333 Me-

279 2393 582 2460 garorum
642 2374 797 2439 urbs
859 2380 956 2439 est
1017 2375 1196 2440 sedes
1258 2374 1637 2439 offensioniS.
1702 2374 2003 2442 Testatur
2062 2377 2235 2440 enim
2280 2373 2665 2439 Plutarchus

281 2478 488 2558 (Thes.
539 2500 592 2543 c.
643 2478 759 2557 20)
815 2476 1097 2545 Heream
1159 2478 1610 2565 Megarensem
1629 2527 1646 2558 ,
1696 2501 1891 2565 quem
1938 2479 2238 2546 credibile
2284 2483 2381 2544 est
2426 2481 2665 2545 vixisse

281 2584 543 2651 dimidio
615 2585 851 2650 saeculi
912 2592 1056 2672 post
1124 2585 1550 2651 Dieuchidam
1581 2584 1648 2665 ¹),
1720 2586 2123 2671 adscripsisse
2185 2586 2355 2650 hunc
2401 2606 2663 2651 versum

277 2691 611 2758 Pisistrato
638 2692 714 2772 ²).
785 2692 914 2758 Hic
975 2694 1182 2780 igitur
1241 2692 1406 2758 nihil
1467 2695 1564 2757 est
1625 2692 1795 2777 quod
1857 2699 2045 2779 egeat
2090 2690 2514 2778 explicatione
2533 2741 2549 2770 ,
2598 2697 2663 2758 et

279 2801 488 2863 minus
553 2800 751 2884 etiam
812 2799 918 2862 hic
980 2819 1206 2864 causae
1269 2804 1366 2864 est
1427 2819 1540 2864 cur
1600 2797 1849 2864 Hereae
1912 2819 2105 2884 quam
2158 2801 2479 2884 superiore
2524 2797 2663 2863 loco

276 2925 384 2968 cur
422 2903 815 2970 Dieuchidae
855 2903 1049 2969 fidem
1085 2905 1457 2970 habeamus.
1497 2904 1669 2969 Nam
1690 2903 1939 2970 Hereae
1962 2904 2348 2970 Dieuchidas
2371 2903 2664 2989 exemplo

281 3008 421 3074 fuit.
1827 3024 1831 3028 ·

361 3113 502 3178 Iam
540 3113 711 3198 quod
749 3117 947 3179 restat
983 3112 1149 3178 nihil
1187 3118 1304 3179 est.
1355 3114 1523 3179 Nam
1547 3115 1896 3180 Pausanias
1921 3115 2040 3180 VH
2064 3136 2116 3180 c.
2144 3114 2230 3181 25
2256 3113 2442 3196 (593)
2465 3115 2661 3178 fuisse

275 3220 362 3283 ait
386 3221 498 3305 qui
524 3230 567 3283 B
591 3216 675 3284 57
683 3218 723 3283 3
748 3224 862 3283 aut
885 3241 920 3284 a
944 3218 1299 3298 Pisistrato,
1327 3241 1487 3284 cum
1502 3219 1777 3287 lacerata
1800 3223 2082 3286 carmina
2104 3220 2374 3285 Homeri
2396 3218 2664 3304 college-

275 3331 387 3403 ret,
430 3330 545 3389 aut
568 3326 645 3390 ab
671 3347 800 3390 uno
826 3347 860 3391 e
884 3327 1232 3391 comitibus
1256 3323 1485 3392 no‘men
1512 3326 1857 3390 Δονόεσσαν
1878 3329 1948 3391 in
1972 3326 2310 3391 Γονόεσσαν
2331 3331 2663 3390 mutatum

277 3429 574 3495 dicerent.
613 3429 789 3496 Huic
828 3435 1049 3496 autem
1087 3438 1450 3498 commento
1489 3453 1568 3496 ne
1608 3434 1667 3496 ei
1708 3432 1967 3518 quidem
1991 3433 2104 3517 qui
2127 3432 2477 3496 recensioni
2499 3430 2661 3495 Pisi-

275 3538 540 3600 strateae
578 3535 774 3600 fidem
808 3537 1045 3602 habent
1067 3539 1414 3622 quicquam
1438 3540 1662 3623 opinor
1685 3539 1970 3603 tribuent
1996 3535 2067 3616 3).
2109 3537 2307 3602 Porro
2334 3534 2662 3620 exemplar

275 3639 567 3706 editionis
610 3644 915 3726 principis
953 3641 1354 3710 Florentinae
1395 3641 1475 3724 <ai
1519 3642 1722 3722 1468)
1748 3643 1803 3723 ⁴)
1844 3643 1924 3708 ad
1965 3653 2007 3706 B
2034 3641 2187 3720 203,
2216 3641 2350 3707 204
2387 3644 2455 3706 in
2495 3662 2661 3706 mar-

273 3747 419 3830 gine
459 3745 855 3832 adscriptum
894 3747 1116 3814 habet:
1156 3757 1215 3814 N
1257 3750 1284 3814 ὃ
1330 3758 1380 3814 Φ
1422 3746 1640 3827 ἔλεγεν
1684 3745 1776 3814 ὅτι
1819 3753 2031 3812 ταῦτα
2080 3754 2280 3820 καλῶς
2330 3749 2380 3812 εἶ
2430 3746 2534 3812 καὶ
2575 3749 2653 3819 ὥς

274 4017 394 4078 (vide
438 4019 567 4069 locos
611 4021 738 4085 apud
785 4022 898 4071 Bus.
936 4021 1006 4072 1.1.
1042 4038 1091 4086 p.
1125 4021 1224 4072 2⁵0
1258 4020 1311 4072 in
1345 4025 1491 4081 anm).
1526 4023 1617 4071 Sed
1651 4020 1762 4072 inde
1798 4022 1887 4071 hoc
1920 4025 2115 4072 tantum
2148 4021 2367 4087 seqnitur
2399 4020 2655 4071 arbitrium

275 4097 746 4152 Lacedaemoniorum
782 4103 886 4152 veri
918 4103 1148 4154 similiter
1181 4103 1299 4167 fingi
1333 4103 1557 4169 potuisse.

342 4183 396 4244 1)
429 4184 502 4233 Cf.
539 4184 840 4234 vWilamow.
877 4185 946 4235 l.l.
985 4202 1031 4250 p.
1069 4184 1182 4234 259.

339 4265 393 4329 2)
429 4265 526 4314 Hic
571 4281 734 4315 versus
779 4266 926 4316 etiam
959 4267 1011 4316 in
1044 4266 1290 4316 nonnullis
1325 4267 1674 4332 exemplaribus
1712 4268 1911 4317 Hesiodi
1948 4267 2219 4319 Ehoearum
2254 4267 2398 4317 fuisse
2434 4267 2653 4329 videtur3

275 4342 446 4395 dicitur
479 4347 608 4395 enim
643 4346 701 4395 ab
739 4348 898 4398 Heras
932 4347 1214 4397 Pisistratus
1251 4349 1460 4398 Hesiodo
1496 4364 1605 4399 eum
1645 4350 1874 4398 ademisse
1916 4352 1968 4400 ut
2000 4349 2217 4399 Homero
2252 4350 2460 4400 adderet.

340 4427 393 4490 8)
427 4427 501 4476 cf.
538 4428 704 4478 Lchrs.
741 4429 810 4478 l.l.
848 4446 897 4494 p.
931 4432 1049 4479 444.

336 4509 392 4574 4)
429 4511 570 4576 Apud
605 4510 825 4561 Dindorl.
860 4511 1016 4560 Schol.
1052 4510 1104 4560 in
1139 4509 1277 4562 Iliad.-
1314 4513 1340 4560 Ι
1374 4531 1421 4579 p.
1455 4526 1599 4564 xxxx,
