3351 5463
568 334 709 403 408
1260 353 1351 403 nn
1396 351 1737 404 ommim
1779 348 2243 404 nonmcomm

570 539 764 585 cansa
826 523 962 584 erat
1020 519 1271 585 tacendi
1332 517 1441 585 vel
1499 523 1637 585 tam
1685 521 1948 586 obscure
1993 518 2396 606 significandi
2439 505 2856 586 Pisistratum
2905 523 2967 586 si

572 625 871 690 omnibus
930 630 1119 691 notus
1174 630 1374 703 esset3
1424 627 1615 710 atque
1663 626 1743 691 ad
1785 625 1970 692 illam
2014 625 2344 692 licentiam
2360 674 2377 704 ,
2427 646 2750 713 quaequae
2797 627 2925 691 fuit
2943 672 2962 704 ,

573 729 1015 816 explicandam
1062 729 1309 806 sufficit
1342 733 1619 798 varietas
1667 751 1794 816 qua
1837 732 2185 797 utebantur
2227 729 2540 796 lectionis.

662 835 725 902 N
724 857 849 902 unc
908 836 990 901 ad
1034 833 1357 904 Oauerum
1401 857 1519 902 nos
1563 841 2033 903 convertamus,
2091 836 2344 901 Nititur
2388 837 2495 902 hic
2538 836 2670 902 fere
2715 837 2962 902 eisdem

572 943 972 1028 argumentis·
1033 947 1225 1027 atque
1287 940 1564 1006 Erhardt
1580 993 1596 1026 ,
1648 941 1775 1026 ‚sed
1833 944 2043 1028 magis
2107 961 2303 1026 quam
2363 941 2476 1007 ille
2523 940 2781 1028 sing-ula
2825 963 2965 1029 per-

566 1050 881 1133 sequitur,
946 1068 1149 1132 neque
1211 1051 1346 1112 tam
1405 1067 1641 1132 magna
1702 1045 1970 1112 moliens
2033 1049 2246 1133 magis
2309 1047 2576 1132 probare
2625 1046 2838 1124 studet
2884 1066 2962 1112 ea

574 1173 737 1239 quae
775 1152 1034 1238 profert.
1075 1150 1170 1218 Eo
1210 1151 1380 1237 quod
1412 1172 1631 1216 omnes
1656 1153 2016 1216 carminum
2041 1150 2536 1216 Homericorum
2559 1150 2757 1217 libros
2780 1171 2962 1228 mss„

573 1279 849 1345 quorum
889 1256 1169 1343 quidem
1216 1257 1296 1322 ad
1338 1278 1451 1322 nos
1498 1259 1678 1322 notio
1723 1259 2118 1342 pervenerit,
2169 1258 2234 1321 et
2279 1259 2575 1323 universe
2624 1256 2965 1337 ἀττικίζειν

575 1364 642 1429 et
675 1365 955 1450 vestig-ia
996 1364 1535 1448 transscriptionis
1581 1383 1662 1427 ex
1707 1363 1922 1428 Attica
1957 1362 2322 1427 litteratura
2359 1365 2624 1449 antiqua
2662 1363 2964 1428 exhibere

574 1474 906 1555 appareat,
954 1473 1278 1553 praeterea
1317 1472 1534 1533 autem
1569 1466 2089 1582 interpolationes
2130 1467 2444 1552 quaedam
2480 1466 2608 1532 1111
2645 1469 2776 1533 iam
2815 1470 2964 1533 ante

576 1571 726 1640 Ohr.
798 1596 859 1638 ιι.
932 1572 1181 1638 saeculo
1247 1573 1585 1638 Pisistrato
1647 1573 1928 1638 tributae
1985 1575 2058 1636 in
2119 1573 2336 1637 omnia
2395 1573 2526 1638 fere
2599 1574 2966 1638 carminum

574 1677 966 1763 exemplaria
1018 1678 1365 1763 eodemque
1410 1678 1541 1745 fere
1587 1682 1876 1763 tempore
1920 1683 2210 1763 receptae
2256 1673 2638 1756 videantur,
2682 1681 2777 1743 ita
2823 1698 2970 1744 con-

573 1783 819 1850 firmari
855 1789 1067 1849 censet
1110 1786 1489 1850 recensionis
1512 1783 1616 1850 'ad
1659 1805 1776 1848 nos
1821 1784 2063 1849 famam
2108 1781 2422 1869 perlatam
2468 1789 2545 1848 ut
2591 1787 2648 1849 si
2682 1785 2969 1850 testimo-

574 1892 685 1955 nia
718 1911 977 1976 prorsus
1015 1889 1385 1968 deficerent,
1426 1889 1503 1954 de
1527 1891 1887 1955 coniectura
1910 1889 2297 1955 sumendum
2318 1877 2518 1969 esset,
2545 1889 2964 1954 Pisistratum

576 1995 863 2081 primum
924 1997 1160 2080 scripto
1220 1995 1554 2061 mandasse
1614 1995 1997 2060 Homerum.
2062 1994 2286 2079 Itaque
2334 2001 2544 2061 cetera
2588 1995 2965 2060 testimonia

575 2101 733 2186 quid
771 2100 1028 2167 valeant
1060 2101 1429 2185 inquirendi
1472 2098 1688 2166 labore
1735 2098 1942 2166 Gauer
1989 2120 2241 2185 quoque
2292 2100 2678 2186 supersedet.
2727 2098 2969 2166 Contra

575 2204 918 2271 Lehrsium
945 2204 995 2286 1)
1041 2212 1106 2271 et
1151 2205 1606 2270 Ludwichium
1631 2203 1684 2287 ²)
1732 2206 2126 2271 demonstrat
2165 2228 2291 2271 non
2330 2197 2463 2271 esse
2500 2227 2614 2271 cur
2649 2208 2969 2271 miremur

576 2311 909 2377 silentium
954 2310 1533 2377 Alexandrinorum
1550 2359 1567 2389 ,
1617 2315 1843 2396 utpote
1890 2313 2004 2397 qui
2048 2310 2337 2376 consulto
2385 2313 2704 2377 tacuerint
2749 2311 2966 2389 δόγμα

574 2422 906 2502 receptum
975 2436 1012 2480 a
1082 2402 1626 2503 Pergamenorum
1703 2415 1922 2482 schola
1985 2419 2270 2482 inimica.
2354 2416 2582 2482 Artem
2649 2417 2967 2482 scribendi

574 2525 793 2610 arguit
852 2523 1115 2588 fortasse
1174 2525 1307 2588 iam
1366 2544 1481 2608 per
1539 2522 1786 2608 aliquot
1845 2522 2096 2588 saecula
2143 2520 2406 2588 Graecis
2453 2527 2676 2588 notam
2723 2523 2926 2587 fuisse
2945 2569 2962 2600 ,

570 2628 665 2692 ita
724 2633 942 2694 tamen
1001 2633 1077 2692 ut
1138 2623 1337 2692 animi
1394 2630 1679 2714 impetus
1743 2630 1832 2693 eis
1896 2627 2140 2694 deesset
2200 2630 2481 2693 carmina
2538 2648 2654 2693 sua
2699 2629 2965 2712 antiqua

570 2731 806 2799 litteris
868 2734 1302 2820 consignandi.
1366 2734 1587 2819 Neque
1646 2731 1816 2799 illud
1878 2736 2140 2819 quidem
2201 2741 2420 2800 contra
2467 2756 2617 2799 eum
2663 2733 2836 2800 valet
2885 2738 2966 2798 ut

572 2831 791 2903 contra
847 2838 1271 2903 Erhardtium
1287 2886 1304 2916 ,
1353 2839 1521 2924 quod
1566 2842 1706 2924 ipsa
1753 2842 1889 2904 eius
1935 2842 2098 2905 ratio
2145 2839 2328 2905 docet
2370 2838 2640 2906 Iliadem
2687 2860 2725 2903 a
2769 2838 2967 2903 mori-

570 2943 693 3008 bus
754 2939 1158 3019 saeculorum
1206 2942 1377 3022 VIII,
1425 2942 1563 3023 VH,
1613 2942 1701 3009 VI
1743 2946 2055 3010 intactam
2099 2946 2441 3023 mansisse,
2491 2950 2704 3011 censet
2749 2946 2924 3010 enim
2944 2992 2962 3023 ,

567 3048 638 3113 id
701 3048 869 3134 quod
928 3069 1121 3134 supra
1182 3051 1555 3115 monuimus
1608 3054 1696 3134 (p.
1749 3034 1926 3130 40'5),
1990 3049 2209 3129 Iliadi,
2265 3050 2418 3115 licet
2478 3057 2625 3116 tum
2672 3049 2964 3116 nondum

572 3156 809 3241 scripta
868 3159 1067 3234 esset,
1129 3156 1391 3221 eandem
1454 3159 1670 3221 tamen
1729 3155 1860 3221 fere
1905 3155 2182 3220 formam
2228 3159 2292 3221 et
2337 3156 2612 3221 eundem
2660 3156 2964 3221 habitum

572 3260 769 3343 fuisse
832 3262 945 3346 qui
1004 3282 1173 3326 nunc
1235 3266 1366 3339 est,
1432 3260 1786 3347 Odysseam
1839 3281 1991 3355 vero
2051 3281 2090 3325 a
2148 3262 2307 3327 viris
2353 3260 2617 3326 demum
2661 3262 2964 3327 Pisistra-

570 3368 693 3432 teis
753 3368 821 3436 in
885 3387 1028 3432 eam
1095 3368 1370 3433 formam
1439 3368 1858 3433 constitutam
1921 3387 2055 3432 esse
2123 3387 2318 3453 quam
2386 3388 2555 3432 nunc
2622 3366 2959 3432 habemus.

571 3469 697 3538 Sed
780 3474 836 3537 si
918 3479 1294 3559 reputamus
1376 3493 1537 3538 anno
1621 3474 1752 3537 fere
1836 3470 1968 3537 590
2037 3493 2092 3537 a.
2166 3471 2315 3539 Chr.
2387 3496 2450 3537 n.
2536 3474 2960 3538 mercenarios

574 3575 849 3645 Graecos
908 3578 1169 3643 nomina
1230 3597 1345 3643 sua
1406 3596 1698 3644 exarasse
1742 3580 1811 3643 in
1855 3579 1995 3644 basi
2041 3583 2288 3643 statuae
2316 3574 2386 3660 3),
2435 3579 2529 3643 ita
2573 3576 2961 3663 pervulgata

570 3684 769 3749 fuisse
830 3683 1107 3749 videtur·
1148 3704 1249 3748 ars
1295 3684 1609 3749 scribendi
1658 3705 1815 3749 aevo
1841 3684 2234 3749 'Pisistrateo
2280 3688 2356 3748 ut
2399 3686 2618 3749 minus
2668 3685 2756 3748 sit
2801 3676 2965 3748 <reri-

572 3789 787 3855 simile
849 3792 1049 3854 etiam
1111 3794 1257 3854 tum
1317 3789 1663 3875 rhapsodos
1729 3810 1872 3855 eam
1934 3792 2270 3877 sprevisse.
2333 3785 2520 3854 Adde
2579 3788 2750 3874 quod
2810 3793 2959 3853 tum

570 3885 883 3981 temporis
962 3898 1186 3979 poetae
1270 3893 1460 3979 lyrici
1542 3894 1883 3973 florebant,
1968 3894 2243 3959 necdum
2308 3894 2520 3979 poesis
2587 3895 2767 3979 epica
2836 3891 2962 3957 coli

574 4000 865 4067 desierat.
926 3998 1031 4065 An
1091 3998 1409 4065 credimus
1468 4021 1636 4066 nova
1684 3999 1944 4085 quidem
1989 4001 2272 4066 carmina
2321 4002 2556 4085 scripto
2605 4018 2740 4064 esse
2785 4018 2964 4062 man-

642 4309 692 4370 1)
726 4310 798 4357 De
829 4309 1094 4360 Aristarch.
1129 4310 1266 4360 stud.
1306 4304 1483 4359 Hom!
1520 4326 1567 4374 p.
1601 4302 1703 4359 442
1720 4316 1821 4375 sqq.

638 4389 696 4455 2)
730 4390 995 4441 Aristarch.
1030 4391 1087 4440 11
1120 4407 1168 4455 p.
1206 4392 1304 4441 390
1320 4406 1422 4457 sqq.

625 4472 682 4539 a)
717 4473 912 4524 αισα.
948 4472 1034 4522 111
1069 4489 1119 4538 p.
1157 4472 1270 4527 ⁵0¹1.
