3351 5463
1003 384 1398 433 auonnsmrm
1443 352 1879 433 1101εώ00100.
2504 368 2637 433 425

244 548 657 613 notissimum
726 552 822 613 est
839 595 854 625 ‚
927 550 1143 613 omnia
1211 550 1340 615 fere
1409 551 1694 614 carmina
1760 548 1960 633 Epica
2021 548 2304 616 Homero
2369 550 2641 616 adscribi

249 653 524 721 solerent
554 651 623 734 ¹),
684 656 1110 739 grammatico
1173 654 1366 719 alicui
1426 656 1764 720 recentiori
1782 702 1798 733 ,
1862 657 1973 739 qui
2019 655 2137 720 hoc
2179 657 2404 733 sciret,
2454 656 2640 739 facile

249 761 464 845 potuit
523 761 592 825 in
649 764 939 825 mentem
1003 762 1220 824 venire
1237 806 1256 837 ,
1318 762 1590 844 pristino
1639 780 1839 825 sensu·
1877 762 2273 846 temporibus
2319 762 2643 826 Pisistrati

245 863 517 930 Homeri
585 866 808 949 poesin
869 864 1249 930 sumendam
1310 885 1446 931 esse
1468 913 1483 942 ,
1555 866 1747 950 idque
1810 868 1905 931 ita
1966 866 2327 952 significare
2387 871 2464 931 ut
2525 888 2640 951 pro

246 970 534 1036 Homero
596 966 876 1056 chlum
934 968 1212 1054 Epicum
1259 970 1713 1046 substitueret;
1764 970 1930 1056 quod
1980 977 2199 1036 autem
2245 971 2365 1037 hoc
2410 992 2641 1037 nomen

248 1082 394 1141 tum
439 1078 510 1141 in
545 1072 677 1139 usu'
706 1075 995 1155 nondum
1035 1081 1173 1141 erat
1187 1124 1204 1152 ‚
1250 1075 1321 1140 id
1360 1080 1475 1141 aut
1514 1078 1844 1162 ignorasse
1885 1096 2036 1141 eum
2075 1083 2187 1142 aut
2226 1099 2353 1141 non
2390 1096 2643 1143 curasse

251 1203 376 1247 non
425 1185 524 1245 est
572 1178 742 1264 quod
789 1182 1120 1246 miremur.

341 1284 633 1368 Denique
675 1287 802 1370 ipsi
843 1283 1204 1371 Hipparchi
1249 1287 1551 1351 instituto
1593 1285 1939 1371 prudenter
1980 1290 2186 1373 egerit
2224 1290 2336 1373 qui
2374 1310 2500 1353 non
2548 1289 2645 1351 ni-

253 1392 458 1456 miam
495 1390 687 1455 fidem
724 1390 1042 1457 habuerit.
1089 1390 1288 1476 quue
1327 1388 1484 1457 duas
1523 1392 1602 1457 ob
1641 1412 1881 1457 causas.
1928 1392 2214 1471 Quarum
2250 1392 2449 1459 altera
2489 1394 2643 1458 haec

253 1501 351 1561 est
411 1495 579 1581 quod
639 1497 706 1559 in
752 1496 976 1561 eodem
1023 1494 1279 1582 dialogo
1324 1495 1919 1581 pseudo-Platonico
1969 1499 2036 1561 in
2083 1518 2208 1583 quo
2253 1497 2321 1561 id
2367 1497 2643 1563 traditur

253 1600 381 1665 alia
426 1600 502 1665 de
550 1599 920 1685 Hipparcho
967 1608 1308 1667 narrantur
1351 1603 1568 1667 minus
1615 1610 1904 1668 accurate
1930 1600 2005 1682 ⁹),
2047 1602 2245 1667 altera
2283 1603 2437 1668 haec
2475 1604 2645 1689 quod

256 1707 336 1771 ab
383 1705 530 1771 aliis
578 1706 754 1772 idem
805 1709 1186 1789 institutum
1239 1706 1457 1773 801001
1495 1707 1896 1773 adscribitur.
1958 1707 2019 1771 N
2022 1730 2101 1773 on
2141 1713 2359 1774 tamen
2399 1711 2645 1794 potiora

257 1817 410 1877 sunt
471 1810 757 1877 ducenda
813 1808 974 1897 quae
1026 1812 1102 1879 de
1150 1812 1384 1879 Solone
1429 1811 1795 1891 traduntur,
1840 1832 1994 1877 nam
2038 1812 2349 1900 leguntur
2393 1818 2647 1883 nonnisi

259 1916 427 2003 apud
466 1915 821 2004 Diogenem
861 1916 1194 1983 Laertium
1231 1920 1397 1999 (vita
1431 1916 1558 1984 Sol.
1591 1918 1650 1982 1.
1680 1918 1749 1999 9)
1786 1922 1849 1984 et
1891 1918 2158 1984 Suidam
2182 1926 2292 2009 ,(ν.
2322 1921 2646 2001 ὑποβολή),

260 2024 494 2109 quibus
557 2025 701 2108 quis
749 2028 968 2090 auctor
1013 2024 1212 2089 fuerit
1258 2044 1518 2109 prorsus
1561 2024 1861 2111 ignotum
1890 2022 1959 2105 3).
2006 2024 2130 2091 Sed
2176 2031 2438 2111 apparet
2482 2029 2650 2091 inter

328 2286 382 2349 1)
432 2284 505 2334 Ad
555 2284 645 2333 hoc
702 2281 999 2348 probandum
1046 2282 1162 2331 satis
1209 2285 1280 2331 est
1325 2282 1548 2346 Aeschyli
1592 2282 1717 2332 illud
1750 2282 1961 2332 dictum:
2006 2298 2115 2331 snas
2146 2281 2330 2331 fabulas
2364 2280 2517 2331 frusta
2551 2298 2651 2331 esse

256 2381 461 2430 magnae
525 2363 812 2414 Homericae
867 2378 1022 2414 cenae.
1087 2365 1215 2413 Nam
1265 2364 1415 2423 nihil,
1469 2367 1704 2428 quantum
1753 2364 1951 2424 scimus,
2003 2380 2061 2413 ex
2108 2364 2259 2414 Iliade
2304 2367 2389 2414 aut
2443 2365 2652 2428 Odyssea

261 2446 528 2512 desumpsit
561 2442 834 2509 Aeschylus.

326 2530 384 2594 2)
431 2528 770 2594 Hipparchum
819 2527 950 2575 inter
993 2527 1238 2576 Pisistrati
1284 2528 1410 2577 filios
1453 2528 1716 2577 maximum
1755 2530 1873 2577 natu
1907 2528 2053 2577 fnisse
2088 2527 2205 2576 dicit
2240 2529 2329 2589 (St.
2363 2544 2411 2591 p.
2446 2526 2545 2576 228
2568 2527 2652 2592 Β),

257 2626 402 2675 quem
439 2624 653 2659 errorem
687 2606 844 2673 tangit
879 2608 1026 2658 Thuc.
1065 2609 1108 2658 I.
1143 2610 1208 2657 20
1242 2612 1290 2658 01
1326 2609 1563 2674 copiosius
1597 2610 1743 2660 etiam
1776 2610 1859 2659 VI.
1891 2612 1952 2660 55
1986 2608 2227 2673 (congruit
2259 2609 2441 2657 Herod.
2463 2608 2521 2657 V.
2546 2608 2650 2672 55).

257 2694 414 2743 Porro
443 2691 776 2758 Hipparchum
807 2689 1019 2756 primum
1053 2690 1264 2740 carmina
1298 2691 1503 2741 Homeri
1537 2692 1589 2742 10
1624 2692 1837 2742 Atticam
1871 2690 2203 2758 importavisse
2239 2689 2337 2750 011,
2372 2690 2499 2754 quod
2536 2704 2652 2739 num

258 2791 429 2825 verum
471 2775 535 2824 sit
580 2774 748 2838 utique
794 2773 1012 2822 dubitare
1057 2773 1197 2833 licet,
1244 2774 1483 2839 imprimis
1528 2775 1579 2824 in
1624 2776 1859 2840 scriptore
1901 2774 2080 2823 erroris
2126 2773 2224 2822 iam
2261 2773 2491 2822 convicto.
2542 2773 2653 2820 Hoc

259 2859 412 2923 igitur
459 2857 610 2906 miror
661 2857 914 2919 Meyerum
957 2865 1238 2920 argumento
1291 2856 1362 2905 uti
1412 2856 1509 2920 (1.1.
1556 2856 1706 2918 §255
1754 2857 1811 2916 iu
1845 2859 1979 2917 ann.)
2012 2858 2181 2904 contra
2215 2853 2536 2904 recensionem
2575 2853 2653 2902 Pi·

261 2939 550 2990 sistrateam.
587 2936 750 2986 Etiam
783 2937 911 3000 quod
949 2938 1115 3000 Meyer
1150 2937 1390 2999 dialogum
1423 2942 1644 2988 nostrum
1671 2938 1933 3002 genuinum
1962 2936 2135 2987 hahere
2163 2936 2368 2994 videtur,
2398 2934 2652 3000 perpauci,

265 3021 440 3087 opinor
473 3020 517 3070 ei
553 3017 888 3070 assentientur.
927 3018 1051 3067 stilo
1087 3019 1214 3068 enim
1249 3019 1572 3084 redarguitur.

332 3101 389 3169 8)
425 3103 578 3152 Locus
612 3099 866 3164 Diogenis,
904 3115 933 3147 a
966 3115 1061 3163 quo
1096 3099 1268 3150 Suidas
1301 3116 1395 3149 non
1430 3102 1617 3160 differt,
1653 3101 1869 3167 proxime
1903 3099 2142 3150 antecedit
2177 3098 2319 3148 illum
2352 3114 2489 3161 quem
2529 3101 2657 3149 attu-

262 3183 409 3234 limus
436 3199 484 3249 p.
500 3182 599 3232 406
629 3185 678 3231 et
702 3199 746 3247 p.
765 3183 883 3239 414,
914 3184 962 3230 01
989 3182 1264 3230 continetur
1297 3182 1372 3230 his
1407 3182 1588 3242 verbis:
1626 3181 1697 3230 τά
1731 3199 1791 3230 τε
1824 3179 2037 3243 Ὀμήρου
2070 3177 2125 3244 ἐξ
2156 3178 2409 3242 ὑποβολῆς
2425 3177 2654 3242 γέγραφε

265 3262 622 3328 ῥαψῳδεῖσθαι,
659 3259 756 3312 οἷον
791 3262 914 3312 ὅπου
952 3261 979 3310 ὃ
1011 3266 1202 3324 πρῶτος
1229 3261 1403 3327 ’ἔληξεν
1431 3260 1607 3312 ἐκεῖθεν
1639 3263 1885 3326 ἄρχεο-θαι
1915 3265 2001 3313 τὸν
2032 3260 2290 3325 ἐχόμενον.
2322 3263 2482 3320 Ηο00,
2510 3260 2656 3310 simul

263 3363 373 3397 cum
401 3347 470 3396 010
496 3362 616 3410 quae
646 3347 919 3418 sequuntur
952 3345 1009 3393 de
1047 3345 1307 3396 Pisistrato
1341 3346 1426 3409 (cf.
1446 3361 1592 3411 supra
1608 3363 1656 3411 p.
1674 3347 1791 3406 406,
1810 3363 1856 3410 p.
1874 3347 2017 3408 408),
2048 3344 2338 3394 Dieuchidae
2367 3342 2527 3392 deberi
2556 3342 2657 3390 sine

265 3430 366 3479 ullo
411 3429 518 3478 iure
564 3428 811 3479 contendit
849 3425 994 3476 Flach
1031 3425 1102 3476 1.1.
1139 3443 1184 3491 p.
1223 3427 1306 3487 18,
1337 3430 1548 3476 ceterum
1586 3443 1683 3477 non
1716 3428 1817 3477 sine
1853 3428 2134 3476 difficultate
2168 3441 2269 3475 esse
2304 3425 2527 3474 viderunt
2564 3423 2657 3472 viri

263 3512 393 3561 docti
426 3511 510 3574 qui
544 3509 919 3574 interpretandis
951 3508 1020 3558 eis
1052 3523 1248 3573 operam
1282 3509 1528 3558 dederunt.
1565 3510 1695 3557 Nam
1730 3524 1837 3558 cum
1873 3509 2001 3558 vocis
2037 3505 2292 3568 ὑποβολῆς
2320 3505 2585 3564 sententia,
2618 3505 2660 3553 si

265 3609 370 3642 eam
404 3607 491 3657 per
523 3607 572 3640 00
603 3594 811 3656 spectas,
847 3606 941 3640 non
976 3590 1159 3655 optime
1192 3589 1483 3640 conveniunt
1518 3605 1572 3638 ea
1606 3606 1701 3654 qua
1734 3592 1794 3639 ad
1828 3606 1931 3641 eam
1966 3591 2291 3660 explicandam
2327 3589 2459 3637 addit
2491 3588 2661 3651 Dioge-

267 3689 366 3723 nes.
414 3675 542 3722 Nam
588 3671 642 3736 ὲξ
691 3670 944 3734 ὒποβολῆς
993 3676 1065 3720 est
1115 3669 1386 3721 „monitus”
1434 3671 1532 3720 sive
1581 3671 1681 3721 nita
1729 3675 1781 3720 ut
1826 3671 2049 3721 recitanti
2087 3660 2227 3720 verba
2261 3670 2385 3719 alter
2414 3667 2657 3735 praeeat''‚

268 3755 330 3804 cf.
377 3754 572 3804 Boeckh
617 3755 764 3819 Corp.
814 3755 910 3802 Ins.
960 3755 992 3804 2
1025 3769 1072 3818 p.
1111 3753 1208 3806 676
1243 3753 1467 3803 vWilam.
1506 3752 1576 3802 ll.
1611 3770 1657 3819 p.
1696 3754 1795 3803 264
1813 3769 1913 3817 sqq.
1950 3753 2104 3817 (Nam
2141 3753 2274 3802 nullo
2312 3753 2453 3802 modo
2486 3751 2661 3801 admit-

267 3838 498 3896 tendum,
539 3837 666 3901 quod
716 3836 886 3885 volunt
931 3834 1211 3898 Bernhardy
1257 3839 1306 3884 et
1353 3836 1515 3899 Bergk
1560 3851 1636 3885 vv.
1655 3836 1752 3893 dd.‚
1802 3831 1856 3899 ἔξ
1893 3832 2146 3895 ὑποβολῆς
2181 3849 2281 3883 0000
2308 3849 2365 3882 ex
2401 3832 2660 3898 exemplari

270 3920 491 3985 scripto.)
544 3919 762 3967 Fortasse
815 3918 968 3981 igitur
1017 3917 1192 3981 aliquis
1239 3933 1378 3967 error
1421 3918 1500 3966 hic
1546 3917 1693 3967 obest.
1740 3918 1909 3980 Neque
1953 3926 2113 3966 tamen
2160 3916 2272 3965 licet
2307 3916 2359 3965 in
2393 3930 2445 3964 re
2479 3916 2662 3965 incerta

271 4001 509 4050 discedere
538 3997 596 4047 ab
623 3999 773 4064 ipsius
803 3999 1027 4062 Diogenis
1054 3999 1482 4064 interpretatione,
1509 3999 1791 4064 praesertim
1820 4013 1928 4047 cum
1956 3998 2173 4062 ineptum
2190 3996 2253 4046 sit
2272 4013 2457 4046 sumere
2474 4000 2663 4046 coactos

272 4099 370 4132 esse
425 4098 454 4131 a
499 4081 671 4131 Solone
715 4082 974 4147 rhapsodos
1017 4082 1087 4131 ita
1137 4083 1341 4131 recitare
1393 4086 1447 4132 111
1492 4082 1634 4132 verba
1667 4081 1878 4146 praeiret
1913 4081 2051 4140 alter,
2066 4111 2075 4120 ·
2092 4096 2229 4130 error
2262 4097 2377 4145 ergo
2410 4082 2451 4130 si
2486 4081 2634 4130 lateat
2649 4119 2661 4141 ‚

272 4163 532 4214 verisimile
576 4164 640 4212 sit
686 4164 836 4213 latere
879 4163 930 4213 in
977 4162 1134 4212 verbis
1170 4159 1225 4228 ἐξ
1261 4163 1529 4226 ὑποβολῆς.
1577 4166 1792 4228 Cumque
1830 4180 1885 4213 00
1920 4179 2041 4227 quae
2072 4164 2174 4228 ipse
2210 4162 2445 4224 Diogenes
2479 4163 2539 4211 ad
2586 4179 2661 4211 ex-

273 4247 494 4312 plicanda
540 4261 595 4294 00
633 4245 777 4294 verba
810 4245 943 4294 addit
978 4261 1173 4310 prorsus
1208 4247 1492 4296 conveniant
1527 4246 1631 4295 voci
1669 4244 1917 4304 ὑπόληψις
1934 4283 1947 4305 ,
1983 4260 2077 4294 11011
2112 4243 2343 4292 debebant
2377 4246 2662 4293 contendere

275 4328 475 4378 Nitzsch
506 4326 707 4392 (Indag.
741 4341 827 4391 per
861 4327 1028 4390 Odyss.
1058 4326 1286 4392 interpol.
1316 4342 1478 4392 praep.
1507 4328 1533 4376 I
1567 4344 1612 4391 p.
1644 4327 1727 4386 28,
1759 4328 1867 4391 40),
1897 4328 1954 4375 G.
1990 4327 2242 4374 Hermann
2271 4324 2386 4389 (Op.
2408 4326 2449 4372 V
2470 4342 2517 4390 p.
2538 4325 2662 4390 300)

273 4409 419 4459 Flach
448 4408 538 4470 (1.1.
571 4425 614 4473 p.
637 4408 700 4457 21
718 4409 839 4473 sqq.)
867 4407 1054 4456 diversa
1087 4411 1299 4472 spectare
1337 4407 1593 4471 Diogenem
1626 4411 1675 4458 01
1709 4415 1954 4457 auctorem
1988 4405 2165 4469 dialogi
2200 4406 2660 4470 pseudo-Platonici.

278 4492 404 4542 Nam
454 4491 583 4555 quod
632 4489 749 4539 dicit
801 4489 946 4538 Flach
997 4489 1087 4538 hoc
1132 4489 1262 4539 inter
1307 4490 1529 4541 Solonem
1575 4507 1628 4541 er
1674 4489 2013 4558 Hipparchum
2047 4488 2303 4546 interesse,
2339 4488 2465 4552 quod
2498 4488 2577 4537 hic
2612 4488 2663 4537 id

2304 4585 2369 4633 28
