3351 5463
1046 389 1195 452 Qum
1242 393 1359 442 ns‘r
1404 397 1489 439 το
1535 392 1944 441 'mmmmm'
2545 373 2674 446 '231

304 556 611 637 ὑπηρέσιον
676 556 781 621 καὶ
848 559 1051 631 κώπην
1111 545 1463 622 συνέστειλε
1524 557 1626 620 τὸν
1689 563 1805 620 τῶν
1870 560 2202 633 Ἀθηναίων
2256 560 2462 634 δῆμον.
2537 561 2704 627 Hoc-

299 662 431 728 loco
483 663 795 744 ὑπηρέσιον
840 663 948 727 καὶ
998 664 1167 736 κώπη
1188 711 1205 741 ,
1252 663 1613 749 remig-andi
1650 665 2078 729 instrumenta
2096 713 2113 742 ,
2153 665 2443 730 militum
2483 671 2677 731 armis

298 775 723 853 opponuntur.
787 769 977 834 Isocr.
1039 769 1116 832 de
1161 769 1327 832 Pace
1376 767 1497 832 48:
1550 772 1650 831 νῦν
1701 768 1762 832 δὲ
1811 776 1939 840 τοῖς
1987 771 2101 845 μὲν
2147 770 2335 846 ξένοις
2385 772 2674 843 ὁπλίταις

297 873 629 954 χρώμεθα,
702 875 844 944 τοὺς
908 873 969 937 δὲ
1039 873 1307 943 πολίτας
1372 872 1646 936 ἐλαύνειν
1713 874 2178 954 ἀναγκάζομεν,
2244 874 2379 939 ὥσθ’
2444 877 2676 941 ὁπόταν

296 979 714 1054 ἀποβαίνωσιν
782 979 867 1049 εἰς
932 979 1039 1052 την
1106 985 1221 1040 τῶν
1284 977 1613 1052 πολεμίων,
1674 977 1725 1040 οἱ
1773 979 1885 1053 μὲν
1934 977 2152 1059 ἄρχειν
2199 987 2314 1044 τῶν
2365 983 2672 1055 Ἑλλήνων

293 1082 605 1158 ἀξιοῦντες
652 1083 963 1162 ὑπηρέσιον
1012 1079 1264 1162 ἔχοντες
1311 1081 1717 1159 ἐκβαίνουσιν,
1767 1083 1818 1146 οἱ
1869 1082 1928 1146 δὲ
1979 1089 2232 1149 τοιοῦτοι
2282 1086 2402 1157 τὰς
2449 1087 2672 1167 φύσεις

292 1186 453 1258 ὄντες
520 1184 671 1258 οἵους
736 1187 924 1264 ὀλίγῳ
991 1187 1269 1264 πρότερον
1331 1188 1586 1264 διῆλθον,
1651 1189 1788 1262 μεθ’
1836 1183 2038 1251 ὅπλων
2086 1192 2534 1256 κινδυνεύουσιν.
2599 1192 2673 1256 In

290 1291 457 1356 hisce
518 1290 686 1356 nihil
732 1297 827 1356 est
876 1291 1047 1375 quod
1094 1292 1171 1356 de
1219 1291 1466 1356 sacculo
1516 1311 1912 1356 moneamur.
1974 1292 2201 1358 Orator
2243 1297 2411 1365 inter
2457 1317 2522 1360 se
2567 1318 2674 1382 op-

290 1399 503 1482 posuit
565 1399 737 1462 cives
800 1402 861 1460 et
924 1397 1213 1461 mercede
1274 1397 1618 1462 conductos
1640 1445 1656 1474 ,
1723 1399 1834 1481 qui
1894 1400 2182 1483 partibus
2242 1404 2512 1466 mutatis
2573 1397 2672 1465 illi

288 1505 609 1587 remigant
652 1503 722 1566 hi
766 1500 1163 1587 proeliantur
1178 1521 1194 1578 ;
1239 1521 1387 1566 cum
1428 1504 1496 1564 in
1532 1504 1866 1588 regionem
1905 1501 2211 1568 hostilem
2249 1506 2670 1583 descenditur,

286 1608 661 1670 mercenarii
722 1608 918 1670 armis
980 1604 1263 1690 pericula
1325 1606 1595 1682 adeunt,
1660 1609 1830 1671 cives
1892 1627 2041 1671 cum
2102 1611 2203 1673 sui
2245 1613 2533 1675 muneris
2580 1613 2674 1676 in-

287 1711 577 1796 signibus
641 1731 725 1775 sc.
790 1709 1042 1775 culcitis
1061 1757 1077 1786 ‚
1142 1711 1211 1773 in
1254 1715 1514 1774 'terram
1578 1711 2014 1796 egrediuntur.
2081 1712 2338 1798 Optime
2383 1716 2672 1801 depinxit

288 1813 386 1889 Is„
438 1814 669 1901 populi
738 1815 1229 1880 Atheniensium
1298 1815 1733 1881 deiectionem.
1820 1815 1997 1882 Num
2069 1817 2246 1882 aliud
2318 1822 2692 1905 quidquam·

288 1922 499 1986 verbis
548 1922 685 1997 μεθ’
734 1917 935 1998 ὅπλων
986 1923 1220 2005 opponi
1264 1919 1557 2005 poterat?
1602 1922 1705 1984 An
1746 1925 1950 1996 κώπην
1991 1920 2284 2002 ἔχοντεςῖ
2330 1927 2418 1989 At
2454 1947 2670 1990 remus

287 2019 689 2111 aliquatenus
752 2026 831 2090 ad
877 2028 1047 2090 vires
1093 2045 1163 2089 ac
1208 2026 1433 2089 robora
1480 2028 1759 2110 pertinet
1803 2032 1868 2089 et
1915 2047 2026 2111 pro
2074 2026 2200 2092 telo
2251 2048 2384 2092 esse
2427 2033 2666 2114 possit:

284 2131 425 2196 ideo
488 2131 769 2196 alterum
812 2133 1081 2216 remigis
1125 2132 1631 2195 instrumentum
1678 2133 2122 2216 percommode
2169 2138 2380 2197 orator
2427 2137 2666 2220 posuit.

287 2237 551 2302 Accedit
612 2238 812 2323 quod,
876 2240 931 2300 si
996 2237 1307 2316 ὑπηρέσιον
1338 2305 1346 2312 ,
1373 2235 1700 2300 sacculum
1761 2237 2185 2322 significaret,
2249 2261 2326 2303 ex
2371 2239 2676 2310 Isocratis,

284 2343 495 2406 verbis
542 2363 731 2406 nemo
778 2363 903 2406 non
950 2341 1223 2406 efficeret
1268 2347 1525 2406 tantum
1564 2344 1842 2428 remiges
1860 2390 1877 2420 ,
1918 2364 2042 2407 non
2081 2343 2354 2422 milites,
2397 2344 2665 2410 sacculis

284 2447 605 2530 praeditos
650 2447 868 2512 fuisse.
940 2446 945 2450 ’
1092 2441 1098 2449 ’
2435 2454 2438 2459 “

368 2550 559 2615 Diod.
625 2549 748 2616 Sic.
812 2551 962 2614 XX.
1028 2551 1089 2617 4.
1124 2551 1390 2622 1;·τοῖς
1454 2552 1565 2626 μὲν
1612 2552 1819 2632 πεζοῖς
1868 2553 2336 2632 παραγγέλλων
2383 2553 2662 2629 ἑτοίμους

282 2651 432 2719 εἶναι
499 2657 669 2733 μετὰ
734 2659 849 2721 τῶν
913 2653 1136 2735 ὅπλων,
1188 2665 1313 2728 τοῖς
1364 2657 1414 2720 δ’
1463 2659 1720 2721 ἱππεῦσι
1767 2649 2266 2734 διακελευόμενος
2314 2656 2481 2739 ἔχειν
2527 2661 2663 2735 μεθ’

280 2762 511 2825 ἑαυτῶν
581 2763 771 2844 χωρὶς
842 2772 954 2836 τῆς
1024 2764 1379 2834 πανοπλίας
1454 2762 1766 2842 ὑπηρέσιον
1830 2764 1934 2826 καὶ
1999 2766 2278 2842 χαλινόν.
2349 2765 2450 2829 Ad
2509 2766 2662 2829 haec

276 2873 445 2932 recte
508 2865 769 2932 'Porrius
832 2867 1163 2932 adnotavit
1184 2876 1211 2931 ε’
1266 2866 1443 2945 „The
1504 2874 1672 2931 term
1739 2868 2050 2944 ὑπηρέσιον
2113 2890 2240 2933 was
2295 2868 2547 2955 applied
2594 2875 2660 2935 to

277 2972 526 3037 saddles
587 2973 687 3037 for
734 2974 980 3050 horses,
1030 2994 1097 3036 so
1143 2976 1199 3036 it
1244 2980 1422 3036 must
1469 2973 1710 3037 denote·
1739 2974 1888 3037 here
1937 2980 2046 3055 (sc.
2097 2974 2268 3059 apud
2313 2973 2488 3039 Plut.
2537 2972 2660 3054 Ll.)

276 3098 449 3141 some
500 3076 749 3142 similar
794 3080 1095 3163 covering
1142 3078 1244 3141 for
1291 3078 1402 3141 the
1449 3078 1784 3141 thwarts.''

362 3181 819 3248 Certissimum
866 3205 1018 3249 vero
1058 3185 1506 3247 testimonium
1526 3232 1542 3259 ,
1588 3184 1899 3260 ὑπηρέσιον
1937 3182 2239 3247 culcitam
2277 3204 2444 3260 esse,
2487 3205 2663 3267 prae-

276 3287 426 3352 bent
494 3287 621 3354 loci
687 3289 813 3355 duo
882 3309 1041 3373 quos
1109 3295 1171 3352 et
1240 3286 1501 3352 'Porrius
1574 3292 1638 3353 et
1707 3287 1994 3352 Naberus
2054 3286 2419 3352 laudarunt.
2495 3286 2663 3351 Sunt

280 3392 515 3459 Pollux
566 3394 651 3457 X.
702 3393 826 3459 40:
893 3394 960 3457 τὸ
1028 3392 1307 3456 ναυτικὸν
1359 3392 1670 3471 ὑπηρέσιον
1719 3393 1877 3463 ἰδίως
1927 3393 1985 3455 ἐν
2031 3400 2176 3464 ταῖς
2222 3390 2456 3469 Ὥραις
2505 3402 2665 3471 Κρα-

280 3508 437 3571 τῖνος
481 3498 1002 3579 προσκεφάλαιον,
1046 3504 1221 3563 τοῦτο
1264 3502 1351 3574 μὴ
1395 3500 1723 3563 καλεῖσθαι
1765 3496 2118 3577 νομιζόντων
2150 3490 2661 3576 άλλὲζὺπηρέσιον

277 3604 477 3680 μόνον,
541 3610 606 3669 et
652 3604 1018 3690 Hesychius
1070 3626 1119 3669 S.
1147 3626 1210 3671 v.
1264 3603 1587 3669 πανικτᾶν·
1632 3602 1990 3681 Ἕρμιππος
2038 3605 2099 3667 ἐν
2152 3606 2609 3681 Στρατιώταις·

366 3720 446 3774 A.
496 3706 677 3787 Ὦρα
722 3710 913 3773 τοίνυν
963 3709 1107 3785 μετ’
1158 3712 1305 3786 ἐμοῦ
1357 3718 1574 3790 χωρεῖν
1625 3709 1728 3772 τὸν
1776 3718 2106 3787 κωπητῆρα
2154 3710 2440 3787 λαβόντα

497 3815 600 3877 καὶ
654 3817 1153 3894 προσκεφάλαιον
1201 3813 1272 3879 ἵν’
1324 3817 1384 3885 ἐς
1438 3818 1545 3889 την
1594 3818 1746 3878 ναῦν
1793 3815 2160 3890 ἐμπηδήσας
2207 3812 2495 3893 ῥοθιάζης.

365 3929 433 3982 Β.
502 3918 685 3983 Ἀλλ’
726 3922 790 3982 οὑ
834 3919 1047 3994 δέομαι
1089 3922 1380 3985 πανικτὸν
1422 3920 1585 4000 ἔχων
1624 3922 1725 3985 τὸν
1767 3921 2037 3999 πρωκτὸν
2076 3918 2654 3999 (προσκεφαλαίου).

274 4021 358 4086 Et
426 4020 769 4089 Cratinum
829 4030 893 4089 et
956 4024 1388 4111 Hermippum
1450 4024 1847 4111 Thucydidis
1908 4024 2198 4111 aequales
2265 4025 2455 4087 fuisse
2516 4022 2656 4088 iure

272 4131 507 4211 pressit
552 4126 833 4193 Torrius.
880 4129 1203 4214 Quidquid
1249 4136 1466 4195 autem
1513 4151 1627 4213 pro
1678 4130 1970 4193 πανικτόν
2018 4132 2282 4213 ponitur
2327 4130 2652 4213 (equidem

278 4234 552 4315 ταύρειον
600 4234 704 4300 vel
750 4234 876 4299 tale
921 4236 1074 4320 quid
1119 4236 1418 4319 requiro),
1468 4234 1545 4298 de
1586 4234 2087 4314 προσκεφάλαιον
2124 4234 2420 4301 vocabuli
2459 4236 2653 4321 signi-

274 4337 568 4405 ficatione
612 4360 796 4406 nemo
844 4341 1137 4406 dubitare
1183 4346 1410 4426 potest.
