3351 5463
614 375 749 443 420
1306 396 1389 443 1111
1438 393 1776 442 canum
1819 391 2282 442 000001οο000

616 558 944 646 Orpheum
1007 559 1442 628 Crotoniatam
1462 609 1478 638 ,
1543 565 1846 644 quartum
1907 560 2174 624 fortasse
2235 561 2452 625 virum
2469 607 2485 638 ,
2535 562 2718 624 cuius
2761 581 2999 626 nomen

611 670 964 754 ignoratur.
1039 666 1244 745 Quem
1304 664 1708 753 Cordylionis
1753 663 1970 730 locum
2015 665 2188 730 haud
2237 663 2427 730 dubie
2477 668 2797 750 spectavit,
2835 666 3003 732 Pau·

612 776 820 840 sanias
881 794 1029 837 cum
1092 773 1393 837 scriberet
1453 772 1647 836 fuisse
1713 773 1826 855 qui
1886 781 1930 834 Β
1975 768 2105 836 573
2169 775 2283 835 aut
2343 791 2380 835 a
2426 770 2798 850 Pisistrato,
2848 793 3002 838 cum

611 878 887 944 lacerata
932 880 1213 942 carmina
1259 876 1529 942 Homeri
1576 875 1941 962 colligeret,
2009 881 2150 940 aut
2213 875 2305 940 ab
2367 897 2524 941 uno
2584 897 2618 941 0
2677 879 3005 942 comiti-

612 985 757 1050 bus
821 986 1003 1048 eius
1067 1005 1299 1048 nomen
1363 982 1671 1047 Δονόεσσα
1737 983 1806 1045 in
1865 981 2167 1046 Γονόεσσω
2225 985 2555 1058 mutatum
2603 981 2886 1047 dicerent
2915 981 2961 1063 ¹)
2981 1003 2999 1062 3

615 1095 902 1156 ceterum
962 1089 1271 1174 quidquid
1332 1089 1450 1153 hac
1514 1087 1590 1152 de
1636 1108 1705 1151 re
1754 1086 1832 1152 ad
1870 1108 1983 1152 nos
2026 1089 2322 1172 pervenit
2340 1135 2356 1164 ‚
2405 1108 2557 1152 cum
2601 1089 2807 1172 ipsius
2855 1086 3006 1154 Cor-

614 1196 893 1283 dylionis
962 1215 1121 1280 opus
1190 1216 1312 1260 non
1384 1192 1662 1278 amplius
1731 1199 1981 1277 praesto
2051 1194 2234 1259 nobis
2305 1195 2392 1257 sit
2410 1241 2425 1271 ‚
2511 1195 2627 1258 uni
2697 1193 3002 1259 debemus

616 1301 877 1367 Tzetzae
946 1300 1299 1386 Byzantino
1322 1348 1338 1379 ,
1405 1301 1517 1386 qui
1578 1296 1764 1363 mille
1824 1299 1954 1364 fere
2022 1302 2164 1383 post
2232 1297 2618 1364 Pausaniam
2685 1301 2866 1364 annis
2933 1301 3005 1363 in

614 1407 1085 1494 prolegomenis
1146 1406 1224 1471 ad
1285 1406 1780 1490 Aristophanem
1842 1405 1907 1469 id
1971 1405 2246 1491 protulit
2268 1405 2342 1482 ²),
2407 1408 2591 1470 cuius
2635 1405 2856 1471 10011111
2901 1427 3007 1471 ex-

616 1516 873 1599 scripsit
932 1512 1155 1578 deinde
1220 1511 1559 1577 scholiasta
1620 1511 1964 1576 Plautinus
1992 1509 2064 1591 3).
2131 1510 2255 1576 Sed
2314 1533 2393 1576 ne
2440 1510 2695 1577 Tzetzes
2743 1512 3007 1598 quidem

614 1622 867 1704 integra
914 1617 1319 1704 Cordylionis
1366 1638 1561 1682 manu
1607 1637 1764 1682 usus
1783 1665 1798 1694 ,
1855 1638 2057 1702 neque
2107 1619 2488 1682 sententiam
2537 1639 2796 1702 prorsus
2845 1638 3010 1682 asse-

616 1731 805 1790 cutus
874 1729 972 1789 est
987 1745 1004 1803 3
1080 1724 1249 1788 unde
1309 1723 1383 1788 fit
1443 1730 1521 1789 ut
1576 1725 1642 1787 in
1709 1723 2000 1810 singulis·
2047 1724 2201 1809 quid
2246 1722 2358 1788 1110
2405 1725 2730 1808 scripserit
2773 1745 3009 1808 parum

618 1835 899 1909 constet,
971 1830 1039 1894 id
1108 1828 1275 1916 quod
1342 1849 1536 1915 supra
1599 1833 1896 1915 apparuit
1921 1828 1992 1911 4).
2063 1829 2196 1895 Alii
2259 1835 2479 1896 autem
2543 1830 2620 1895 de
2681 1829 3010 1895 Pisistrati

685 2135 735 2198 1)
776 2135 898 2184 Vide
931 2149 1077 2199 supra
1110 2150 1159 2198 p.
1194 2134 1310 2187 417.
1753 2193 1768 2202 ·

684 2217 740 2280 2)
776 2216 902 2265 Keil.
939 2215 989 2264 in
1025 2231 1145 2265 mus.
1182 2216 1397 2264 Rhenan.
1436 2217 1565 2264 1848
1598 2232 1645 2280 p.
1685 2217 1798 2267 116.
1836 2233 1884 2281 p.
1923 2217 2033 2264 118.
2081 2216 2197 2264 Vidc
2231 2215 2371 2280 plura
2406 2216 2533 2265 infra
2567 2216 2620 2264 111
2657 2232 2768 2266 ann.
2802 2219 2854 2264 4.

684 2299 739 2362 8)
778 2299 918 2362 Apud
952 2297 1297 2356 Ritschelium‚
1331 2298 1407 2345 die
1441 2298 1575 2346 Alex.
1613 2297 1738 2347 Bibl.
1775 2315 1820 2363 p.
1860 2301 1892 2346 4
1927 2299 2124 2346 Cramer
2157 2298 2332 2346 Anecd.
2369 2298 2522 2347 Paris.
2559 2299 2585 2346 I
2622 2314 2668 2362 p.
2708 2299 2786 2348 12.
2829 2297 3002 2348 nCete-

619 2396 730 2429 rum
768 2380 1049 2428 Pisistratus
1082 2394 1295 2443 sparsam
1329 2379 1463 2443 prius
1499 2380 1705 2428 Homeri
1739 2363 1915 2445 poesim
1952 2383 2064 2429 ante
2096 2377 2426 2428 Ptolemaeum
2461 2379 2831 2444 Philadelphum
2863 2380 3002 2429 annis

617 2462 834 2512 ducentis
866 2465 916 2511 et
949 2479 1006 2510 00
1041 2462 1185 2510 etiam
1221 2462 1452 2526 amplius,
1488 2463 1674 2512 sollerti
1709 2478 1824 2512 cura
1858 2463 1910 2511 111
1943 2478 1997 2510 00
2029 2477 2151 2526 quae
2186 2477 2312 2510 1111110
2339 2464 2504 2511 extant
2534 2461 2718 2525 redegit
2744 2461 3006 2522 volumina,

620 2559 729 2617 usus
780 2545 838 2592 ad
884 2543 973 2592 hoc
1020 2559 1139 2608 opus
1185 2543 1400 2592 divinum
1449 2543 1689 2593 industria
1734 2547 1965 2607 quattuor
2009 2542 2428 2592 celeberrimorum
2472 2545 2521 2592 et
2568 2543 3008 2594 eruditissimorum

616 2626 865 2675 hominum
911 2625 1131 2675 videlicet
1177 2626 1398 2689 Concyli,
1446 2627 1747 2676 Onomacriti
1795 2626 2124 2685 Atheniensis,
2171 2625 2346 2690 Zopyri
2384 2625 2701 2675 Heracleotae
2734 2630 2782 2674 et
2821 2625 3009 2690 Orphei

620 2709 951 2767 Crotoniatae,
987 2723 1099 2758 nam
1131 2708 1336 2773 carptim
1371 2707 1506 2773 prius
1541 2709 1786 2759 Homerus
1820 2711 1870 2759 et
1904 2724 1999 2758 non
2035 2708 2128 2758 nisi
2167 2705 2445 2758 difficillime
2478 2705 2772 2773 legebatur”.
2811 2707 2885 2758 Cf.
2923 2723 3011 2758 an-

621 2795 721 2840 not.
758 2805 970 2853 sequens.

684 2873 741 2937 4)
788 2871 1133 2935 Prolegomena
1180 2872 1374 2920 Tzetzae
1422 2872 1613 2921 nomine
1658 2872 1892 2937 inscripta
1938 2873 2054 2921 duos
2087 2873 2335 2921 continent
2369 2871 2738 2921 commentarios
2774 2887 2871 2920 non
2908 2873 3011 2921 tam

620 2971 671 3003 re
717 2969 860 3017 quam
905 2952 1062 3002 verbis
1108 2954 1363 3011 distantes,
1414 2946 1639 3017 quorum'
1666 2954 1792 3002 alter
1826 2954 2005 3018 legitur
2041 2955 2167 3019 apud
2203 2940 2329 3003 K'eil.
2365 2954 2434 3003 l.l.
2474 2970 2520 3018 p.
2559 2954 2847 3011 llo—116,
2885 2952 3012 3001 alter

619 3053 664 3101 p.
718 3033 996 3084 117—122.
1062 3034 1409 3098 Utrumque
1462 3049 1491 3083 a
1541 3035 1709 3083 Tzetza
1756 3051 1854 3083 0000
1900 3036 2248 3100 conscriptum,
2301 3034 2396 3084 alio
2449 3038 2666 3099 tempore
2718 3034 2859 3082 aliter
2909 3033 3010 3082 01110

618 3116 793 3167 scholis
843 3117 1112 3181 praefatum
1127 3155 1140 3177 ,
1193 3133 1345 3181 neque
1397 3133 1483 3166 nos
1532 3118 1706 3166 habere
1755 3118 1834 3165 hic
1879 3121 2101 3182 excerpta
2147 3117 2205 3167 ab
2250 3102 2358 3166 aliis
2403 3117 2527 3166 facta
2568 3132 2624 3165 ex
2659 3132 2776 3165 uno
2811 3116 3009 3164 Tzetzae

618 3199 975 3257 commentario,
1011 3198 1203 3247 invictis
1236 3200 1530 3263 argumentis
1563 3200 1913 3249 demonstravit
1948 3200 2060 3248 Keil
2094 3200 2162 3249 l.l.
2210 3200 2302 3248 Sed
2336 3199 2387 3248 in
2425 3201 2629 3263 utroque
2663 3196 3010 3247 commentario

618 3282 751 3330 locus
785 3281 842 3329 de
876 3280 1131 3329 Pisistrato
1167 3283 1422 3345 corruptus
1458 3284 1544 3330 est.
1583 3282 1713 3330 Nam
1746 3282 1799 3329 in
1833 3282 1986 3330 altero
2021 3284 2092 3329 est
2127 3282 2218 3330 hoc
2252 3280 2347 3345 (1.1.
2382 3297 2427 3345 p.
2467 3281 2584 3343 126)
2617 3280 2782 3328 καίτοι
2819 3277 3011 3327 τεσσά-

620 3379 707 3423 ρων
753 3359 933 3422 ἀνδρῶν
980 3360 1063 3409 ἐπὶ
1106 3360 1477 3424 Πεισιστράτου
1524 3361 1850 3412 συντιθέντων
1897 3363 1982 3411 τὸν
2017 3362 2254 3423 (Όμηρον,
2289 3362 2468 3418 οἵτινες
2509 3360 2633 3411 εἰσὶν
2670 3353 2836 3410 όῧτοι·
2873 3360 3010 3407 Ἔπι-

620 3444 892 3506 κόγκυλος,
928 3441 1282 3504 Ὀνομάκριτος
1320 3443 1599 3500 Ἀθηναῖος,
1636 3442 1861 3505 Ζώπυρος
1899 3441 2266 3504 Ἢρακλειῶτης
2293 3441 2378 3490 κοιῖ
2408 3442 2614 3503 Ὀρφεὺς
2642 3439 3010 3505 Κροτωνιάτης,

618 3526 669 3575 in
715 3525 868 3574 altero
914 3524 1003 3573 hoc
1038 3525 1125 3585 (1.1.
1162 3542 1207 3588 p.
1248 3525 1364 3584 118)
1400 3525 1495 3581 τὰς
1532 3525 1822 3589 Ὅμηρεῖους
1856 3524 2114 3587 (βίβλους)
2151 3560 2293 3573 .....
2332 3520 2634 3571 συντέθεικεν
2670 3519 2861 3587 σπουδῇ
2894 3530 3012 3571 Hee-

621 3606 896 3667 σίστρατος
947 3606 1081 3666 παρὰ
1132 3608 1232 3652 τῶν
1284 3603 1538 3666 τεσσάρων
1589 3604 1780 3653 τούτων
1831 3610 2008 3666 σοφῶν.
2064 3602 2147 3653 ἐπὶ
2196 3602 2480 3666 Κογκῦλου,
2532 3603 2893 3665 Ὀνομακρίτου
2946 3621 3010 3653 τε

622 3686 894 3743 Ἀθηναίου,
948 3684 1176 3747 Ζωπύρου
1226 3704 1286 3735 τε
1332 3684 1701 3747 Ἦρακλειώτου
1752 3686 1838 3735 καὶ
1886 3684 2227 3748 Κροτωνιάτου
2279 3683 2510 3748 Ὀρφέως.
2563 3686 2704 3750 Quod
2753 3686 2807 3735 in
2853 3686 3010 3737 altero

619 3768 962 3818 commentario
997 3773 1069 3817 est
1105 3766 1190 3816 ἐπὶ
1221 3766 1483 3830 Κογκῦλου
1521 3763 1925 3818 duabus'vocibus
1960 3769 2109 3832 (uude
2146 3768 2287 3817 flu‘xit
2319 3769 2443 3817 illud
2481 3768 2706 3831 Goncylus
2738 3767 2790 3817 in
2825 3769 3008 3818 scholio

622 3850 875 3908 Plautino,
922 3850 1031 3898 vide
1063 3865 1173 3898 ann.
1211 3850 1411 3914 snper),
1446 3849 1547 3898 eius
1582 3850 1665 3914 qui
1701 3850 1896 3898 Tzetzae
1931 3849 2111 3898 librum
2147 3849 2394 3913 exscripsit
2427 3849 2627 3913 quisque
2662 3849 2792 3898 videt
2825 3850 3010 3901 factum

591 3931 754 3988 ,vitia
800 3932 891 3980 Sed
935 3946 1030 3980 non
1074 3930 1234 3979 minus
1278 3934 1501 3995 apertum
1547 3935 1618 3980 est
1660 3931 1812 3995 (quod
1846 3919 1974 3979 vidit
2007 3932 2204 3979 Cramer
2239 3930 2309 3978 l.l.
2347 3946 2392 3995 p.
2433 3932 2520 3996 16)
2555 3930 2605 3979 111
2639 3930 2833 3979 nomine
2868 3931 3032 4007 ’Erre--

621 4015 867 4075 κάγκυλος
911 4013 1061 4062 latere
1105 4027 1241 4061 voces
1288 4012 1483 4061 Ἐπικόν
1530 4010 1724 4061 κύκλον.
1773 4011 1956 4062 Hausit
1989 4028 2103 4076 ergo
2141 4012 2330 4060 Tzetzes
2365 4028 2390 4060 0
2424 4013 2556 4061 fonte
2589 4015 2844 4076 corrupto,
2881 4014 2929 4061 et
2964 4012 3008 4061 is

621 4096 705 4159 qui
748 4095 793 4143 ei
837 4098 1004 4144 auctor
1050 4094 1146 4143 fuit
1178 4110 1273 4143 non
1308 4095 1408 4157 egit
1443 4096 1500 4143 de
1538 4086 1754 4143 Homero
1773 4132 1786 4151 ,
1822 4096 1876 4143 ut
1911 4094 1996 4143 ille
2034 4093 2253 4151 rettulit,
2293 4094 2373 4141 sed
2408 4094 2464 4142 de
2495 4094 2640 4157 Cyclo
2675 4093 2839 4159 Epico.
2893 4094 3008 4143 Non

620 4177 773 4241 igitur
825 4178 1075 4226 decernere
1126 4176 1223 4226 iam
1275 4176 1388 4225 licet
1441 4180 1606 4226 utrum
1648 4177 1691 4226 10
1738 4178 1948 4241 quatuor
1992 4174 2314 4225 nominaverit
2349 4176 2480 4225 viros
2512 4191 2575 4224 an
2608 4192 2719 4225 eum
2753 4191 3009 4227 numerum

620 4260 935 4323 computando
985 4258 1175 4307 Tzetzes
1225 4258 1481 4308 invenerit.
1532 4257 1620 4306 Vel
1669 4257 1831 4322 potius
1879 4257 2079 4307 tertium
2125 4258 2284 4306 datur.
2333 4256 2600 4305 oriundam
2645 4257 2774 4306 enim
2819 4272 2917 4305 0000
2951 4257 3012 4306 011

628 4340 929 4389 Athenodoro
956 4340 1244 4403 Cordylione
1269 4340 1494 4389 notitiam
1514 4341 1571 4388 de
1588 4355 1704 4389 cura
1723 4340 1779 4387 ab
1799 4339 2110 4388 Onomacrito
2127 4338 2392 4401 ceterisque
2409 4338 2460 4387 in
2480 4338 2696 4387 Homero
2713 4337 3012 4388 coniunctim

623 4422 880 4481 collocata,
910 4423 1025 4471 satis
1053 4424 1251 4471 fidenter
1280 4422 1507 4487 colligere
1537 4423 1651 4472 licet
1679 4438 1705 4471 0
1734 4421 1857 4471 libro
1893 4420 2003 4482 περὶ
2036 4418 2296 4482 κωμῳδίας
2331 4419 2633 4485 grammatici
2669 4419 2892 4483 anonymi
2929 4420 3014 4484 (de

624 4518 721 4567 quo
749 4502 857 4551 vide
884 4503 1013 4552 infra
1045 4520 1091 4569 p.
1113 4504 1251 4568 '422)
1288 4520 1313 4553 e
1348 4503 1541 4553 'I'zetzae
1576 4502 1935 4551 commentariis
1970 4503 2172 4551 conflato
2188 4540 2200 4562 ‚
2234 4502 2369 4551 cuius
2402 4500 2516 4550 libri
2553 4502 2695 4551 codex
2730 4500 3016 4552 Parisiensis
