3351 5463
1355 394 1593 446 nwms.
2582 377 2664 443 15

372 565 594 631 Verbis
677 565 956 650 spatiosa
1033 566 1351 648 scriptura
1422 564 1697 630 exaratis
1768 563 2012 628 mirum
2082 566 2396 648 quantum
2463 563 2669 626 inesse

282 679 494 738 censet
553 671 943 736 Muellerus:
1014 669 1175 747 „Wo
1237 669 1386 736 oder
1446 672 1566 734 wie
1612 672 1766 733 weit
1813 669 1915 734 die
1962 667 2118 734 Ufer
2163 669 2462 734 einander
2507 669 2669 734 nahe

284 800 546 866 „genug
591 798 803 842 waren
822 826 838 854 ‚
889 777 1033 842 dass
1081 798 1150 842 er
1196 778 1320 840 mit
1365 775 1476 841 der
1522 775 1947 862 Befestigung
1996 824 2010 840 .
2041 822 2055 840 .
2089 823 2103 839 .
2152 797 2280 840 von
2319 775 2440 840 den
2482 778 2665 862 einen

283 907 477 963 „zum
535 884 771 949 andern
831 883 1150 969 gelangen
1196 871 1257 947 ⁰..
1292 931 1304 945 .
1355 881 1657 946 konnte.”
1710 881 1876 946 Mihi
1924 888 2141 947 tamen
2187 887 2485 966 corrupta
2532 903 2668 947 esse

279 992 602 1068 videntur,
667 1010 899 1056 verum
961 988 1116 1072 quid
1173 990 1498 1072 scripserit
1545 987 1775 1052 Livius
1821 1007 1945 1051 non
1991 1008 2307 1072 assequor.
2372 986 2668 1052 Fortasse

281 1100 408 1162 sic:
469 1119 586 1180 qna
633 1095 960 1179 exsequi
1005 1092 1486 1156 munimenta
1528 1099 1800 1173 poterat,
1851 1094 2085 1177 quippe
2132 1095 2202 1156 in
2248 1095 2506 1178 regione
2551 1096 2670 1157 mi-

278 1224 404 1266 nus
465 1200 654 1287 plana
713 1202 776 1285 (ξ
821 1200 950 1279 11).
1017 1196 1113 1266 Of.
1181 1197 1325 1263 Tac.
1378 1199 1452 1262 A.
1495 1195 1612 1262 15.
1644 1196 1686 1259 4
1744 1199 1829 1259 ad
1872 1199 2269 1282 eoeeeqnendae
2316 1198 2664 1264 obsidiones.

281 1305 416 1375 Cic.
466 1308 541 1372 de
589 1305 706 1370 Off.
760 1306 818 1371 1.
849 1304 933 1372 79
980 1305 1049 1368 in
1097 1303 1483 1388 exsequendi-5
1529 1303 1785 1384 neqotiis
1800 1323 1817 1380 3
1868 1302 2013 1368 alia.

371 1548 425 1592 c.
474 1524 582 1592 27.
617 1523 678 1591 7.
742 1525 850 1588 Ubi
883 1523 1199 1609 praesenti
1245 1546 1354 1608 ope
1401 1545 1496 1586 res
1543 1523 1897 1604 eqebant.

370 1631 715 1696 Livianum
763 1636 859 1695 est
904 1652 935 1692 e
943 1654 986 1711 y
1005 1631 1082 1692 eb
1101 1653 1139 1692 a
1157 1636 1182 1692 t
1200 1678 1216 1706 ,
1274 1633 1349 1693 ut
1395 1627 1585 1713 paulo
1634 1633 1817 1692 ante:
1866 1651 1989 1692 rem
2038 1629 2106 1691 in
2145 1652 2341 1692 cocum
2381 1629 2670 1710 ancipiti-5

278 1744 521 1801 eventus
567 1735 950 1799 committunt.

366 1937 777 2004 Emblemata
822 1938 1362 2022 deprehendimus
1409 1940 1479 2001 in
1523 1938 1624 2001 his
1673 1936 1865 2002 locis:

369 2177 420 2220 c.
475 2155 582 2220 29.
611 2155 674 2220 2.
743 2156 964 2219 Consul
1009 2157 1226 2242 effusos
1272 2178 1456 2240 neque
1502 2157 1586 2218 ad
1629 2155 1859 2218 vallum
1891 2162 2241 2237 'persecutns
2285 2155 2424 2236 ipsa
2467 2163 2667 2220 eastra

279 2261 716 2346 (vadumque)
777 2262 1147 2342 awo-editur,
1211 2260 1380 2346 quod
1439 2260 1799 2327 Muellerus
1834 2263 2064 2324 -nimia
2126 2259 2531 2347 indulgentia
2578 2265 2667 2326 sic

275 2374 574 2431 excusat:
628 2367 1009 2451 „valbumque
1054 2370 1142 2430 ist
1189 2367 1282 2431 als
1329 2367 1441 2431 das
1489 2367 1787 2448 nachste,
1832 2388 1960 2432 was
2000 2387 2078 2432 zu
2121 2372 2478 2432 ersturmen
2514 2388 2665 2446 war,

278 2471 661 2549 „erklarend
707 2472 1201 2558 hinzugefiigt.''

370 2601 428 2644 c.
480 2576 586 2644 35.
620 2577 723 2644 10.
775 2578 1006 2642 Petieee
1051 2584 1162 2659 (sc.
1205 2579 1636 2657 tribunatum)
1683 2577 1845 2640 viros
1890 2578 2050 2641 domi
2094 2579 2465 2662 militiaeque
2508 2600 2668 2660 spec-

276 2691 434 2748 tatos
449 2711 477 2759 ,·
537 2683 762 2766 primis
831 2683 1009 2747 annis
1078 2683 1396 2765 enqillatoe
1461 2683 1827 2766 (repulsos)
1875 2684 2031 2747 risui
2078 2684 2366 2769 patribus
2408 2684 2622 2769 fnisse
2636 2712 2664 2763 ;

278 2791 502 2853 desisse
536 2797 838 2872 postremo
873 2792 1164 2872 praebere
1211 2793 1294 2853 ad
1331 2790 1749 2879 ‘contumeliam
1796 2811 1876 2855 οε.

365 2894 899 2982 Sugillatur,
949 2898 1132 2961 cuius
1177 2917 1246 2960 os
1292 2898 1530 2981 pugnis
1574 2898 1874 2980 pectitur,
1924 2900 2001 2959 ut
2046 2895 2271 2961 suffusi
2318 2895 2489 2961 oculi
2534 2902 2666 2961 tur-

272 3001 554 3085 gidaque
600 3001 789 3066 facies
835 3004 1040 3066 risum
1086 3003 1425 3087 praebeant
1463 3002 1917 3087 spectantibus.
1958 3001 2200 3086 Lepida
2236 3005 2625 3087 comparatio
2644 3051 2660 3080 ‚

271 3125 384 3189 per
448 3104 604 3169 duas
665 3110 1009 3171 sententias
1059 3111 1428 3172 continuata
1447 3155 1463 3184 ,
1511 3110 1745 3172 misere
1793 3110 2227 3192 corrumpitur
2271 3107 2660 3192 glossemate

270 3214 453 3275 vocis
512 3214 730 3275 minus
790 3214 1086 3279 usitatae.
1147 3211 1243 3279 Of.
1291 3212 1464 3279 Plac.
1511 3212 1707 3298 gloss.
1749 3234 1811 3297 p.
1864 3211 1951 3277 82
1998 3212 2255 3277 Deuerl.
2304 3213 2626 3293 snyillavit
2645 3239 2664 3275 .-

269 3314 494 3380 irrisit.

363 3516 438 3585 O.
491 3518 597 3585 44.
626 3519 690 3583 4.
756 3517 924 3586 Cum
986 3523 1180 3585 creati
1241 3523 1369 3586 sint
1434 3522 1678 3589 tribuni
1741 3520 2055 3586 militares
2101 3542 2320 3587 omnes
2367 3525 2656 3609 patricii,

271 3624 573 3690 tribunus
632 3624 888 3711 plebem
949 3628 1038 3691 sic
1097 3630 1419 3711 increpat:
1497 3628 1796 3709 Quidnam
1859 3626 1933 3689 id
1991 3627 2081 3690 rei
2128 3636 2275 3692 esset
2288 3657 2317 3704 ,·
2362 3652 2481 3693 non
2526 3630 2654 3693 suis

269 3728 573 3812 beneficiis
589 3779 606 3808 ,
655 3753 774 3794 non
806 3739 1055 3813 patrum
1102 3732 1390 3811 iniuriis,
1429 3754 1548 3795 non
1587 3733 1842 3817 denique
1878 3755 2121 3814 usurp
2142 3757 2237 3797 an
2258 3736 2340 3798 di
2378 3736 2653 3815 libidine,

271 3856 398 3896 cnm
464 3835 645 3898 liceat
659 3884 676 3913 ,
741 3840 899 3921 quod
959 3844 1099 3900 ante
1156 3860 1274 3901 non
1334 3838 1574 3901 licuerit
1594 3887 1609 3915 ,
1670 3838 1727 3900 si
1786 3860 1904 3901 non
1951 3838 2249 3902 tribnnnm
2292 3840 2614 3905 militarem
2634 3889 2651 3919 ,

267 3962 340 4001 ne
385 3948 754 4025 quaestorem
798 3944 1034 4027 quidem
1080 3966 1421 4028 quemqnam
1469 3967 1541 4006 ex
1575 3944 1754 4026 plebe
1801 3965 1922 4006 esse
1950 3945 2219 4028 factum.

357 4042 625 4132 Corrige
680 4051 970 4132 repetitis
1009 4050 1252 4114 duabus
1291 4048 1596 4114 litterulis
1634 4049 1763 4112 ius
1800 4070 2042 4131 usurp
2062 4050 2273 4113 andi.
2315 4050 2654 4136 Vituperat

267 4149 548 4233 plebeios
567 4200 584 4229 ,
647 4153 816 4238 quod
877 4176 956 4218 ne
1001 4156 1298 4220 voluntas
1345 4154 1607 4241 quidem
1654 4154 2008 4239 usurpandi
2058 4157 2161 4219 ius
2206 4177 2319 4241 per
2362 4157 2652 4241 plebisci-

266 4260 411 4320 tum
482 4254 859 4323 Canuleium
932 4264 1014 4325 iis
1086 4283 1458 4326 concessum
1524 4263 1893 4326 incitaverit
1915 4308 1931 4336 ,
1997 4266 2072 4324 ut
2133 4282 2210 4324 ex
2271 4283 2386 4326 suo
2434 4264 2650 4328 ordine

264 4366 684 4449 magistratus
733 4372 1037 4431 crearent.
1089 4366 1185 4433 Of.
1240 4368 1298 4432 1.
1332 4366 1438 4433 17.
1466 4368 1527 4446 8,
1581 4368 1641 4432 3.
1675 4365 1779 4433 71.
1811 4364 1848 4431 7
1897 4370 1963 4432 et
2009 4365 2118 4433 38.
2144 4366 2207 4433 8.
