3351 5463
1302 408 1590 459 merrus.
2001 366 2014 380 ’
2502 392 2628 457 131

353 574 535 638 Dur..
582 592 663 639 m!
711 558 867 639 ORR.
919 574 1031 638 ΙΙΙ.
1102 574 1177 639 Ι11
1228 576 1349 640 1100
1396 578 1603 660 capite
1650 596 1859 640 sermo
1907 579 2002 639 est
2051 559 2128 640 de
2176 574 2458 641 Materni
2503 580 2636 640 stu-

258 680 385 743 diis
402 728 417 757 ,
478 686 541 743 et
598 681 714 744 sub
775 680 969 744 finem
1028 681 1219 765 Aper,
1271 684 1383 765 qui
1428 682 1621 745 amici
1668 674 2073 765 diligentiam
2118 682 2632 767 industriamque

253 789 323 849 in
386 785 722 871 tragoediis
784 785 1177 849 elaborandis
1235 786 1557 861 laudavit,
1625 806 2014 870 quamquam
2079 791 2177 851 tot
2239 791 2500 874 negotia
2547 788 2636 851 fo-

252 893 462 955 rensia
505 912 653 955 eum
691 896 957 967 vocant,
1001 891 1211 955 addit:
1257 893 1531 976 „quibus
1566 891 1728 970 (scil.
1770 895 2123 956 amicorum
2142 940 2157 970 ,
2200 893 2593 958 coloniarum
2614 940 2630 970 ‚

252 997 749 1080 municipiorum
815 999 1045 1075 causis)
1107 999 1217 1061 vix
1282 997 1595 1061 suffeceris
1615 1046 1630 1074 ,
1698 1000 1897 1062 etiam
1943 1000 1999 1061 si
2045 1020 2172 1063 non
2217 1020 2459 1063 novum
2507 1000 2633 1063 tibi

251 1104 385 1185 ipse
448 1104 781 1187 negotium
825 1103 1304 1186 importasses'’,
1354 1101 1521 1187 quod
1568 1104 1907 1188 negotium
1957 1108 2054 1167 est
2101 1109 2178 1167 ut
2224 1103 2460 1168 fabulis
2507 1109 2635 1167 tra-

253 1210 413 1293 gicis
476 1203 737 1271 Graecis
798 1212 865 1271 et
924 1207 1229 1271 Romanis
1286 1228 1545 1291 operam
1608 1208 1736 1271 det.
1787 1208 2008 1272 Minus
2051 1212 2367 1273 usitatum
2415 1214 2634 1273 tamen

254 1320 347 1377 est
404 1313 645 1377 locutio
706 1313 1001 1393 neqotium
1062 1313 1181 1375 sibi
1240 1314 1564 1395 importare
1582 1362 1597 1390 ,
1666 1334 1858 1397 quare
1907 1320 2058 1378 sunt
2105 1317 2216 1397 qui
2260 1314 2474 1400 legere
2525 1335 2634 1378 vo-

250 1418 486 1483 luerint
544 1418 898 1499 imper-asses
961 1419 1066 1482 vel
1118 1418 1516 1499 imposuisses,
1565 1418 1675 1483 Me
1725 1424 1941 1483 tamen
1987 1418 2234 1503 aliquid
2281 1422 2632 1505 repperisse

252 1526 519 1589 arbitror
581 1524 750 1608 quod
810 1526 1021 1609 magis
1083 1544 1233 1588 cum
1294 1523 1553 1608 vulgati
1615 1524 1884 1591 lectione
1946 1527 2245 1609 congruit
2263 1572 2278 1602 ,
2343 1525 2637 1610 quodque

252 1628 428 1694 facile
490 1628 787 1693 librarios
846 1632 916 1693 in
974 1649 1254 1710 errorem
1318 1629 1629 1694 adducere
1688 1633 1955 1713 poterat.
2019 1629 2420 1715 Legendum‚
2459 1633 2634 1694 enim

252 1755 531 1819 propono
594 1734 977 1815 impertisse&
1036 1732 1321 1797 Verbum
1374 1735 1684 1816 imperare
1725 1737 1966 1798 iterum
1986 1782 2001 1810 ,
2051 1736 2160 1798 sed
2207 1756 2396 1800 sensu
2441 1735 2634 1820 paulo

252 1840 667 1924 discrepanti,
730 1840 897 1923 apud
962 1838 1279 1909 Tacitum,
1322 1841 1595 1904 occurrit
1654 1842 1810 1905 Anu.
1877 1838 2048 1915 XIV,
2099 1838 2220 1904 21:
2293 1862 2448 1917 „nec
2509 1843 2638 1906 cui-

254 1965 444 2029 quam
502 1944 705 2008 iudici
766 1963 963 2029 grave
1025 1964 1211 2009 aures
1272 1945 1505 2009 studiis
1566 1945 1845 2009 honestis
1901 1949 1966 2009 et
2010 1944 2452 2029 voluptatibus
2499 1968 2638 2011 con-

254 2053 439 2115 cessis
499 2049 901 2135 impertire.''
965 2047 1270 2114 Ceterum
1333 2051 1408 2113 de
1469 2052 1764 2114 oneribus
1828 2056 1892 2114 et
1938 2051 2265 2115 laboribus
2313 2054 2633 2136 reperitur

252 2158 320 2217 in
364 2153 689 2220 Ciceronis
747 2155 847 2217 Or.
885 2176 1006 2235 pro
1053 2156 1261 2231 Sulla,
1311 2151 1463 2238 Cap.
1514 2153 1627 2230 ΙΙΙ,
1685 2175 1734 2217 6.
1777 2154 1882 2219 fin.
1925 2158 2176 2233 „oneris
2214 2158 2347 2220 mei
2384 2161 2634 2240 partem

254 2263 493 2325 nemini
556 2262 861 2345 impertio
882 2309 898 2338 ,
962 2260 1209 2347 gloriae
1270 2261 1451 2324 bonis
1514 2260 1878 2336 omnibus’'‚
1940 2266 2004 2325 et
2062 2263 2132 2324 in
2189 2261 2478 2326 eiusdem
2533 2262 2633 2325 Or.

242 2388 358 2448 pro
406 2367 687 2441 Murena,
755 2367 868 2430 ubi
913 2368 980 2428 in
1026 2368 1213 2429 initio
1254 2363 1408 2450 Cap.
1449 2364 1536 2428 IV
1576 2365 1731 2429 haec
1769 2364 2114 2449 leguntur:
2165 2366 2424 2450 „Neque
2463 2368 2637 2431 enim

251 2473 382 2535 iam
421 2472 588 2535 mihi
627 2470 780 2535 licet
818 2492 1023 2554 neque
1063 2475 1161 2534 est
1196 2472 1525 2555 integrum
1544 2518 1559 2545 ,
1602 2475 1679 2533 ut
1716 2491 1938 2533 meum
1976 2469 2260 2535 laborem
2297 2473 2636 2535 hominum

253 2575 553 2661 periculis
601 2574 1009 2641 sublevandis
1055 2597 1179 2640 non
1225 2576 1660 2660 impertiam.''

342 2784 527 2854 Dm.
592 2807 677 2853 DE
724 2788 882 2853 ORR.
935 2787 1109 2853 XIII.
1182 2788 1463 2874 Opponit
1523 2788 1859 2854 Maternus
1920 2793 2128 2856 vitam
2175 2790 2632 2855 turbulentam

253 2900 319 2960 et
384 2897 743 2979 inquietam
812 2897 1106 2959 virorum
1175 2894 1578 2986 publicorum
1648 2898 1825 2961 vitae
1896 2917 2152 2962 securae
2223 2903 2288 2962 et
2354 2896 2641 2982 placidae.

250 3005 600 3085 poetarum.
678 3001 944 3064 Poetam
1007 3003 1327 3084 tragicum
1394 3001 1828 3086 Pomponium
1896 3001 2262 3067 Secundum
2331 3008 2642 3087 exaequat

258 3105 570 3170 consulari
616 3104 905 3169 Domitio
951 3106 1105 3170 Afro
1124 3153 1140 3182 ,
1188 3109 1327 3171 viro
1374 3109 1443 3194 in
1488 3108 1678 3171 rebus
1725 3107 2030 3193 gerundis
2077 3110 2406 3192 causisque
2453 3129 2642 3193 agen-

258 3211 353 3275 dis
435 3216 695 3275 strenuo
714 3258 729 3287 ,
802 3209 1281 3296 Virgiliumque
1365 3210 1587 3276 laudat
1656 3234 1851 3297 quem
1922 3212 2136 3276 dulces
2209 3209 2384 3276 ante'
2427 3215 2638 3278 omnia

257 3316 483 3380 Musae
554 3318 889 3401 accipiant.
964 3317 1175 3396 „Quid
1246 3317 1563 3394 habent‚'’
1636 3325 1824 3402 rogat
1895 3318 2228 3382 Maternus
2296 3321 2364 3381 in
2427 3319 2639 3382 medio

256 3423 459 3506 capite
479 3469 495 3498 ,
574 3420 785 3499 „Quid
854 3422 1089 3486 habent
1159 3421 1323 3501 (scil.
1388 3425 1436 3486 ii
1500 3425 1612 3507 qui
1674 3426 1952 3509 negotiis
2012 3423 2317 3508 gerundis
2365 3417 2685 3509 'operam'

258 3528 434 3608 dant)
478 3529 549 3592 in
597 3529 715 3592 hac
762 3547 878 3592 sua
922 3528 1179 3592 fortuna
1218 3527 1837 3613 concupiscendum?
1877 3529 2045 3614 quod
2083 3523 2318 3594 timent
2355 3551 2432 3594 an
2473 3530 2644 3614 quod

260 3631 614 3697 timentur?
664 3633 831 3718 quod
851 3681 867 3710 ,
918 3654 1067 3698 cum
1114 3634 1401 3718 quotidie
1447 3634 1692 3720 aliquid
1738 3641 2084 3721 rogentur,·
2111 3638 2162 3699 ii
2200 3637 2432 3720 quibus
2471 3656 2648 3721 prae-

260 3744 428 3804 stant
484 3737 906 3824 indignantur
921 3735 991 3801 ?''
1041 3737 1326 3803 Verbum
1360 3748 1684 3820 praestant
1730 3742 1972 3806 obiecto
2019 3748 2189 3804 caret
2205 3788 2221 3817 ,
2273 3746 2336 3805 et
2381 3743 2647 3805 inusita-

258 3847 389 3909 tius
454 3850 552 3910 est
608 3847 698 3908 sic
744 3843 912 3908 nude
960 3847 1143 3929 poni;
1196 3866 1389 3929 quare
1439 3845 1597 3910 olim
1644 3850 1882 3912 conieci
1925 3846 2136 3932 legere
2175 3829 2422 3928 p'raesto
2467 3853 2609 3910 sunt
2624 3867 2640 3924 ;

262 3951 373 4015 sed
431 3972 509 4014 116
566 3953 660 4014 610
704 3950 965 4034 quidem
1010 3972 1147 4014 rem
1194 3955 1349 4015 satis
1398 3953 1846 4037 expedivimus
1866 4000 1883 4030 ,
1935 3973 2083 4016 nam
2133 3954 2346 4016 sensui
2391 3972 2645 4036 quoque

270 4055 441 4120 deest
516 4054 761 4139 aliquid
779 4104 794 4132 ,
873 4076 1104 4140 nempe
1174 4057 1557 4122 vocabulum
1632 4058 1950 4142 quoddam
2023 4056 2326 4122 definiens
2397 4063 2462 4121 et
2531 4059 2648 4120 cir-

268 4161 717 4226 cumscribens.
806 4157 995 4225 Credi
1064 4163 1237 4225 enim
1306 4185 1433 4227 non
1493 4170 1704 4248 potest
1769 4185 1986 4228 omnes
2047 4163 2340 4227 homines
2411 4163 2644 4246 quibus

267 4271 554 4351 potentes
626 4265 727 4330 illi
788 4271 1039 4350 praesto
1103 4269 1264 4345 sint,
1331 4274 1394 4332 et
1454 4269 1643 4334 modo
1709 4290 1814 4334 eos
1877 4273 2010 4333 61116
2058 4268 2190 4332 ulla
2237 4270 2606 4352 exceptione
2627 4315 2644 4344 ,

260 4371 605 4456 indignari.
674 4371 879 4450 Quare
941 4375 1163 4437 visum
1223 4379 1319 4436 est
1366 4372 1592 4440 Garolo
1640 4376 1834 4439 Peter
1879 4377 1946 4438 in
1996 4375 2270 4438 editione
2319 4394 2432 4438 sua
2476 4367 2643 4437 inter

272 4475 661 4565 „rogentur”
730 4482 793 4542 et
857 4478 989 4555 „ii”
1051 4478 1347 4563 supplere
1406 4480 1788 4545 vocabulum
1838 4482 1963 4557 vel3
2013 4501 2158 4544 mea
2204 4479 2462 4564 quidem
2511 4498 2645 4542 sen·
