3351 5463
1234 376 1602 463 nnornon.
2483 360 2611 428 127

246 535 515 605 dantzius
576 562 771 625 porro
832 544 896 603 et
948 539 1071 603 sibi
1116 543 1181 603 et
1228 538 1373 603 aliis
1419 539 1768 604 editoribus
1815 505 2129 627 persuasit
2175 540 2236 607 2.
2265 542 2327 607 6.
2362 541 2444 607 14
2495 564 2608 627 pro

245 642 482 722 ἤρξαντο
548 644 1002 732 corrigendum
1062 664 1198 708 esse
1258 640 1540 721 ἄρξαιντο
1561 691 1578 721 ,
1640 665 1848 729 neque
1895 644 2174 711 Oobetus
2220 645 2404 712 libris
2455 668 2608 712 mss.

246 771 473 815 morem
518 754 725 838 gessit
772 750 833 815 4.
864 750 926 814 5.
957 748 1064 826 13,
1112 770 1263 814 cum
1310 749 1522 813 ederet
1568 752 1871 828 πορεύοιτο
1922 772 2036 837 pro
2093 754 2430 831 ἐπορεύετο.

322 966 384 1032 4.
413 967 476 1035 8.
504 966 567 1032 8.
632 946 965 1031 Macrones
1030 961 1311 1031 Graecos
1374 966 1749 1043 παρήγαγον
1813 967 1873 1028 ἐν
1937 967 2124 1043 τρισὶν
2189 967 2439 1045 ἡμέραις
2502 966 2610 1041 ἕως

254 1074 347 1149 (sic
390 1071 592 1149 codd„
643 1070 753 1135 sed
800 1068 955 1136 Gob.
1006 1068 1145 1133 ἔστε
1191 1070 1418 1150 edidit)
1459 1072 1559 1134 ἐπὶ
1601 1072 1685 1133 τοὶ
1727 1070 1987 1150 Κόλχων
2026 1067 2155 1150 δ’ρια
2197 1072 2610 1158 κατέστησαν.

254 1174 476 1242 Locum
536 1178 779 1241 vitium
841 1174 1010 1240 alere
1072 1178 1377 1260 suspicor.
1441 1175 1612 1240 Nam
1674 1175 1831 1260 quid
1894 1181 1990 1240 est
2051 1177 2260 1253 „intra
2304 1182 2440 1241 tres.
2481 1178 2613 1242 dies

257 1280 516 1367 aliquem
562 1302 775 1347 comes
824 1280 981 1345 duxi
998 1327 1016 1357 ,
1056 1282 1238 1343 donee
1278 1301 1429 1344 eum
1468 1280 1547 1345 ad
1584 1280 1739 1345 fines
1777 1278 2164 1345 Colchorum
2201 1280 2614 1345 constitui.''?

256 1386 683 1474 Intellegerem
730 1391 1105 1471 παρήγαγον
1152 1386 1213 1448 ἐν
1260 1385 1449 1464 τρισὶν
1502 1386 1755 1463 ἡμέραις
1805 1385 1902 1447 ἐπὶ
1956 1386 2038 1449 τα
2091 1395 2162 1451 Κ.
2212 1382 2376 1463 ὅρια,
2420 1389 2614 1450 etiam

264 1497 611 1572 παρήγαγον
657 1489 763 1564 ἕως
818 1494 916 1557 ἐπὶ
966 1493 1052 1555 τα
1100 1500 1173 1556 Κ.
1224 1493 1615 1565 κατέστησαν
1660 1490 1850 1577 video
1898 1491 2052 1575 quid
2097 1494 2202 1555 sit.
2268 1491 2393 1557 Sed
2439 1495 2617 1557 omni

266 1598 576 1664 offensione
628 1600 830 1664 oratio
876 1599 1000 1661 erit
1043 1616 1247 1662 vacua
1264 1645 1280 1674 ,
1330 1600 1385 1661 si
1434 1597 1652 1661 ordine
1698 1597 2041 1661 verborum
2087 1596 2427 1681 paululum
2476 1618 2617 1661 mu-

268 1707 379 1769 tato
440 1706 877 1789 scripserimus
939 1704 1313 1782 παρήγαγον
1374 1699 1482 1772 ἔως
1551 1702 1609 1763 ἐν
1674 1702 1862 1780 τρισὶν
1928 1702 2182 1780 ἡμέραις
2245 1703 2344 1765 ἐπὶ
2409 1704 2493 1765 τὰ
2543 1712 2615 1766 Κ.

272 1802 311 1873 δ’.
350 1808 755 1883 κατέστησαν.

350 2008 613 2074 4.8.12.
649 2008 841 2075 ἄλλα
888 2004 988 2084 μὀι
1033 2009 1195 2072 δοκεῖ
1236 2007 1543 2087 ὀρθίους
1592 2008 1774 2079 τοὺς
1824 2008 2622 2087 λόχουςποιησαμέ-

276 2136 419 2185 νους
480 2119 757 2179 τοσοῦτον
822 2115 1041 2194 χωρίον
1104 2124 1458 2193 κατασχεῖν
1511 2162 1569 2180 ..
1600 2162 1615 2177 .
1646 2162 1697 2191 .,
1765 2108 1922 2177 ὅσον
1961 2112 2071 2191 ἔξω
2121 2117 2256 2185 τοὺς
2314 2116 2618 2194 ἐσχάτους

278 2218 471 2298 λόχους
532 2221 814 2298 γενέσθαι
876 2222 992 2282 τῶν
1038 2220 1345 2294 πολεμίων
1398 2220 1697 2297 κεράτιον·
1748 2220 1850 2282 καὶ
1902 2216 2146 2291 οὕτως
2201 2219 2463 2295 ἐσόμεθα
2512 2228 2620 2293 τῆς

277 2345 335 2385 τε
376 2332 477 2387 τῶν
525 2329 831 2399 πολεμίων
872 2323 1225 2404 Φαλαγγος
1269 2324 1379 2397 ἔξω
1422 2326 1501 2406 [οἱ
1544 2324 1806 2403 ἔσχατοι
1850 2325 2091 2407 λόχοι],
2137 2326 2241 2387 καὶ
2285 2326 2620 2407 [ὀρθίους

282 2426 630 2514 ἄγοντες]
678 2432 728 2495 οἱ
779 2431 1090 2507 κράτιστοι
1144 2432 1309 2503 ἡμῶν
1357 2436 1587 2508 πρῶται
1638 2430 1973 2505 προσίασιν,
2027 2426 2063 2507 ᾖ
2110 2455 2176 2493 τε
2226 2430 2302 2493 ἂν
2353 2428 2624 2510 εὔοδονῇ

281 2536 453 2613 ταύτῃ
512 2534 757 2605 ἕκαστος
802 2533 967 2611 -ἄξει
1028 2538 1083 2617 [ὁ
1131 2537 1369 2616 λόχος].
1433 2534 1733 2597 Primum
1781 2534 2289 2599 additamentum.
2343 2534 2622 2601 Cobetus

280 2640 530 2719 primus,
589 2643 856 2706 tertium
918 2661 1069 2705 cum
1113 2638 1505 2705 Rehdantzio
1551 2641 1901 2723 expunxit,
1951 2639 2138 2704 alteri
2186 2639 2374 2705 valde
2421 2642 2624 2704 miror

282 2761 413 2806 eum
465 2750 808 2832 pepercisse
826 2768 843 2824 ;
908 2769 1057 2812 nam
1115 2747 1281 2810 mihi
1342 2745 1628 2809 adverbii
1696 2742 1880 2815 οὕτως
1946 2750 2042 2809 est
2104 2745 2425 2830 glossema
2489 2750 2625 2808 tam

282 2846 593 2916 molestum
633 2858 711 2918 ut
753 2874 879 2916 non
924 2854 1123 2936 possit
1168 2852 1401 2936 magis.
1450 2849 1582 2914 Nec
1630 2851 1848 2914 minus
1895 2849 2173 2914 offendor

353 3064 409 3128 5.
445 3066 626 3150 3.11,
690 3072 802 3137 ubi
864 3073 934 3135 in
991 3070 1308 3136 codicibus
1369 3067 1611 3155 legitur
1660 3067 1790 3133 ἔστι
1841 3069 1891 3132 δ’
1944 3069 1975 3142 ἢ
2026 3069 2250 3150 χώρα
2301 3063 2337 3148 ᾗ
2381 3071 2448 3132 ἐκ
2498 3080 2630 3134 Λα-

280 3170 597 3247 κεδαίμονος
645 3179 729 3248 εἰς
780 3176 1141 3250 Ὀλυμπίαν
1192 3175 1543 3254 πορεύονται
1595 3179 1671 3244 ὡς
1725 3173 1907 3239 εἴκοσι
1959 3177 2193 3238 στάδιοι
2246 3176 2370 3240 ἀπὸ
2420 3179 2526 3238 τοῦ
2569 3176 2628 3238 ἐν

284 3274 577 3361 Ὀλυμπίᾳ
640 3286 780 3352 Διὸς
848 3282 1023 3358 ἱεροῦ.
1090 3279 1169 3344 ἔνι
1221 3281 1271 3344 δ’
1324 3283 1399 3342 ἐν
1450 3283 1546 3359 τῷ
1595 3281 1770 3359 ἱερῷ
1819 3281 2038 3359 χώρῳ
2089 3281 2192 3343 καὶ
2243 3283 2471 3354 λείμων
2521 3280 2625 3344 καὶ

284 3375 368 3454 ὅρη
428 3399 551 3449 κτλ.
611 3389 702 3452 Ac
758 3388 1187 3453 Rehdantzius
1249 3386 1509 3471 quidem
1553 3392 1617 3450 et
1667 3387 1700 3457 ἦ
1751 3389 1928 3467 χώρα
1977 3407 2010 3450 e
2060 3389 2244 3449 textu
2295 3387 2478 3450 eiecit
2526 3391 2626 3461 et,

266 3485 429 3582 'teste
482 3487 813 3557 Schenklio
832 3541 848 3569 ,
912 3495 1085 3571 χώρῳ
1105 3540 1121 3568 ,
1187 3491 1371 3576 quod'
1414 3495 1610 3556 etiam
1672 3489 1913 3555 Zeunio
1976 3495 2345 3574 suspectum
2411 3492 2629 3555 visum

284 3592 397 3664 est?
445 3595 597 3660 mihi
639 3620 787 3663 vero
831 3603 1043 3662 totum
1088 3597 1254 3660 illud
1303 3598 1359 3660 ἐν
1410 3598 1670 3677 τῷ-ἷερῷ
1720 3596 1892 3676 χώρῳ
1941 3619 1977 3660 a
2022 3593 2442 3679 Xenophonte
2489 3617 2628 3679 pro-

282 3688 501 3759 fectum
544 3723 663 3766 non
708 3703 983 3768 videtur.
1036 3701 1160 3766 Sed
1205 3703 1403 3766 etiam

360 3906 415 3972 5.
446 3909 502 3978 6.
530 3915 609 3983 21
680 3922 919 3986 servari
987 3922 1173 3986 video
1242 3941 1278 3985 a
1348 3917 1667 4005 plerisque
1737 3916 2084 3984 editoribus
2152 3917 2346 3984 verba
2367 3965 2383 3995 ‚
2467 3935 2628 4002 quae

280 4005 492 4079 dixeris
553 4029 679 4089 tam
742 4027 955 4091 odiose
1003 4048 1135 4091 esse
1181 4028 1574 4110 repetita·ut
1620 4024 2061 4109 Xenophontis
2107 4045 2241 4088 esse
2288 4030 2628 4108 nequeant.

278 4109 568 4199 Legimus
614 4135 778 4196 enim
826 4135 861 4216 ξ
908 4131 989 4196 19
1040 4131 1467 4207 Τιμασίων
1533 4129 1661 4192 δ’ὁ
1731 4129 2201 4208 Δαρδανεὺς
2253 4131 2356 4192 καὶ
2410 4129 2630 4206 Θώραξ

276 4215 299 4275 ὃ
357 4226 614 4303 Βοιώτιος
676 4237 817 4312 πρὸς
885 4235 1179 4316 ἐμπόρους
1246 4237 1417 4307 τινὲς
1700 4235 1948 4312 λέγουσι
2019 4231 2108 4298 ὅτι
2173 4249 2313 4298 κτλ.
2387 4233 2628 4298 Deinde

276 4330 528 4395 narratis
576 4359 726 4422 quae
764 4341 1045 4406 Timasio
1086 4346 1150 4406 et
1186 4339 1437 4406 Thorax
1477 4341 1808 4417 dixerunt,
1851 4346 2204 4424 sequuntur
2243 4337 2387 4423 §21
2434 4339 2626 4402 haec:

278 4423 631 4514 ἀκούσαντες
674 4452 875 4510 ταῦτα
918 4449 968 4511 οἱ
1011 4444 1258 4525 ἔμποροι
1296 4449 1742 4523 α’πήγγελλον
1788 4453 1926 4515 ταῖς
1971 4451 2224 4508 πόλεσι·
2266 4445 2626 4520 συνέπεμψε
