3351 5463
1256 369 1754 420 Amsrormns.
2568 349 2697 418 335

308 533 621 616 operibus
639 580 656 610 ,
706 537 945 618 passim
988 534 1082 599 ibi
1130 536 1411 600 citantur
1456 555 1680 601 versus
1727 556 1806 599 ex
1852 534 2085 600 fabulis
2131 535 2319 601 hodie
2359 535 2702 621 deperditis

308 638 771 723 Aristophanis
819 638 1216 725 aliorumque
1254 643 1649 706 comicorum
1688 639 2048 724 (Eupolidis
2089 640 2434 726 Hermippi
2472 641 2704 707 Phere-

308 746 513 808 cratis
558 743 847 809 Platonis
883 744 1213 810 Strattidis
1254 744 1700 831 Sannyrionis)
1740 766 1854 810 nec
1891 766 2019 809 non
2059 745 2330 811 aliorum
2367 751 2702 831 poetarum

308 848 721 928 (Archilochi
779 850 1086 937 Aeschyli
1150 850 1484 936 Sophoclis
1550 851 1943 935 Euripidis);
2009 871 2194 937 saepe
2249 853 2342 917 ibi
2385 853 2704 918 indicatur

308 952 477 1038 quid
540 957 610 1018 in
681 975 865 1020 scena
933 962 1166 1042 agatur
1233 955 1340 1022 vel
1406 961 1700 1022 cernatur
1765 955 1872 1022 vel
1936 956 2251 1041 quomodo
2299 958 2491 1023 verba
2537 960 2704 1022 inter

306 1065 563 1124 actores
601 1058 1033 1145 colloquentes
1072 1064 1202 1126 sint
1240 1062 1694 1127 distribuenda.
1734 1061 1908 1126 Haec
1949 1064 2162 1126 omnia
2200 1061 2339 1127 dele
2377 1068 2440 1128 et
2461 1067 2704 1129 restant

308 1163 525 1229 exilia.
577 1168 1062 1231 annotationum
1108 1167 1472 1254 fragmenta
1488 1215 1505 1244 ,
1558 1166 1775 1252 qualia
1819 1165 2036 1230 nullus
2082 1189 2208 1231 non
2254 1168 2702 1252 Aristophanis

304 1269 518 1335 lector
586 1274 875 1335 currente
946 1270 1190 1336 calamo
1260 1275 1460 1357 possit
1530 1272 1920 1336 conscribere
1937 1292 1954 1348 3
2026 1272 2198 1336 nuda
2258 1277 2500 1337 restant
2562 1294 2706 1338 ossa

310 1375 508 1459 adipe
576 1377 997 1460 carnibusque
1064 1381 1277 1442 exuta.
1359 1377 1759 1462 Quapropter
1822 1378 2024 1441 miror
2086 1375 2491 1443 Dindorfium
2512 1427 2528 1455 ,
2596 1381 2709 1463 qui

306 1485 487 1546 recte
519 1481 781 1565 quidem
815 1483 882 1545 in
918 1501 1033 1546 sua
1056 1481 1442 1548 scholiorum
1467 1481 2086 1566 Aristophaneorum
2110 1482 2387 1547 editione
2415 1485 2703 1568 scripsit:

312 1585 611 1663 „scholia
670 1586 1057 1653 Ravennatis
1123 1587 1353 1652 codicis
1416 1591 1633 1652 minus
1698 1608 1893 1672 quam
1953 1585 2154 1672 vulgo
2221 1593 2372 1652 sunt
2417 1590 2669 1672 copiosa
2685 1635 2702 1664 ,

310 1697 533 1768 „caret
594 1695 767 1757 enim
828 1713 955 1757 non
1018 1691 1231 1757 solum
1277 1693 1785 1778 Byzantinorum
1832 1694 2407 1777 grammaticorum
2453 1697 2708 1758 annota-

310 1797 647 1875 „tionibus
692 1797 801 1863 sed
848 1800 1045 1862 etiam
1094 1798 1171 1862 de
1216 1797 1472 1862 scholiis
1517 1797 1964 1863 Alexandrinis
2004 1801 2244 1882 passim
2285 1800 2506 1862 omisit
2545 1818 2704 1883 quae

314 1902 443 1981 „ad
505 1902 909 1988 explicandas
970 1909 1195 1988 poetae
1240 1906 1585 1968 sententias
1634 1905 1850 1968 minus
1897 1905 2249 1968 necessaria
2293 1903 2702 1974 viderentur''

309 2014 379 2074 et
428 2029 581 2072 mox
622 2008 697 2072 de
735 2007 1007 2073 Veneto:
1051 2007 1333 2085 „scholia
1372 2011 1635 2093 antiqua
1672 2007 1864 2093 longe
1904 2027 2097 2092 quam
2140 2007 2472 2074 Ravennae
2512 2009 2705 2073 habet

312 2112 744 2198 „ampliora'’,
808 2118 1091 2179 attamen
1148 2111 1588 2178 Ravennatem
1639 2112 1998 2190 „librorum
2047 2115 2340 2176 omnium
2385 2119 2450 2178 et
2487 2117 2702 2178 aetate

312 2225 427 2298 „et
473 2221 852 2285 auctoritate
897 2218 1294 2304 principem”
1342 2221 1619 2284 vocavit.
1694 2219 1993 2283 Aetatem
2055 2238 2222 2282 nunc
2281 2239 2403 2282 non
2468 2238 2700 2295 moror,

308 2324 426 2390 sed
471 2327 814 2389 auctoritas
854 2325 1241 2390 Ravennatis
1281 2344 1485 2408 neque
1526 2326 1593 2387 in
1634 2328 1818 2388 textu
1857 2323 2299 2388 constituendo
2333 2330 2430 2388 est
2468 2327 2699 2408 potior,

309 2429 553 2495 crebris
623 2433 795 2494 enim
862 2429 1023 2494 locis
1074 2428 1267 2504 ,solus
1338 2428 1617 2494 Venetus
1689 2449 1916 2494 verum
1989 2429 2287 2512 praebet,
2360 2450 2564 2514 neque
2630 2432 2700 2494 in

311 2534 576 2601 scholiis
622 2555 764 2600 eam
812 2538 1035 2620 magni
1082 2555 1215 2600 esse
1262 2534 1615 2599 faciendam
1663 2539 1945 2618 apparet.
1997 2533 2220 2617 Itaque
2269 2535 2318 2597 εἰ
2363 2535 2421 2596 ἐν
2460 2536 2698 2606 εὕκτοῖς

310 2642 385 2706 τὸ
449 2645 723 2720 πρᾶγμα
788 2641 1064 2718 ἐγένετο,
1126 2639 1382 2705 scholiis
1443 2639 1679 2705 codicis
1726 2637 1783 2703 R
1830 2638 2102 2704 libenter
2147 2660 2459 2716 carerem,
2510 2639 2698 2706 modo

309 2748 545 2814 Veneti
612 2748 869 2813 scholiis
938 2752 1227 2813 accurate
1296 2752 1360 2813 et
1416 2747 1617 2812 nitide
1682 2748 1887 2812 denuo
1948 2767 1984 2811 a
2055 2750 2268 2832 sagaci
2327 2747 2659 2835 philologo
2681 2798 2696 2826 ,

314 2854 525 2939 qualis
587 2858 684 2918 est
743 2853 1131 2918 Rutherford
1149 2901 1166 2930 ,
1233 2853 1421 2917 editis
1479 2852 1721 2937 perfrui
1781 2852 1948 2915 mihi
2008 2851 2247 2917 liceret.
2298 2852 2359 2916 N
2361 2874 2483 2917 unc
2528 2856 2701 2939 grati

312 2980 467 3025 sane
528 2959 768 3025 donum
830 2979 867 3022 a
928 2958 1384 3024 Rutherfordio
1440 2957 1730 3023 oblatum
1792 2959 2153 3043 accepimus
2172 3005 2188 3035 ,
2238 2957 2346 3022 sed
2391 2957 2531 3023 fieri
2574 2980 2699 3023 non

312 3068 449 3130 iam
495 3066 733 3150 poterit
771 3066 926 3148 quin
966 3062 1201 3128 similis
1239 3068 1500 3149 paretur
1537 3062 1929 3128 scholiorum
1971 3062 2358 3128 Venetorum
2395 3067 2696 3142 recensiO,

314 3171 462 3235 dein
524 3190 675 3235 vero
726 3204 810 3217 —-
861 3189 1008 3233 nam
1058 3170 1283 3233 crescit
1328 3167 1671 3252 indulgens
1720 3169 1843 3231 sibi
1890 3167 2067 3231 dirus
2114 3167 2397 3253 hydrops
2445 3206 2527 3217 —
2580 3174 2695 3233 ter-

314 3278 489 3341 tium
551 3273 989 3359 flagitabimus
1052 3273 1328 3350 librum,
1393 3292 1544 3337 eum
1610 3292 1862 3357 quoque
1925 3275 2078 3336 satis
2126 3275 2406 3356 spissum
2453 3275 2694 3357 opinor,

314 3383 429 3466 qui
474 3379 937 3464 complectatur
982 3384 1339 3444 ceterorum
1385 3377 1681 3443 codicum
1727 3375 1987 3441 scholia.
2502 3438 2514 3445 ,

406 3484 530 3550 Sed
590 3484 670 3550 ad
732 3484 990 3570 singula
1034 3487 1221 3550 venio
1239 3532 1257 3561 ,
1304 3488 1379 3549 ut
1428 3482 1705 3548 calculos
1751 3482 1998 3566 aliquot
2043 3481 2513 3567 qualescunque
2559 3482 2698 3548 affe-

315 3610 457 3656 ram
475 3639 491 3669 ,
532 3593 644 3677 qui
682 3591 857 3679 operi
893 3589 995 3654 illi
1033 3590 1380 3655 extruendo
1421 3587 1762 3673 aliquando
1800 3590 2108 3683 inservire
2137 3592 2384 3673 possint
2411 3588 2696 3655 fortasse.

405 3803 513 3868 Vs.
566 3800 671 3869 73.
722 3801 964 3887 Iophon
1010 3800 1341 3887 Sophoclis
1384 3800 1556 3866 filius
1601 3803 1860 3867 vivente
1906 3806 2086 3887 patre
2134 3803 2296 3866 vicit
2341 3804 2408 3866 in
2447 3805 2694 3889 tragico
2751 3840 2756 3843 ·

315 3912 693 3986 certamine,
757 3908 843 3973 διὸ
909 3908 1323 3988 ἀμφιβάλλει
1383 3907 1757 3993 (Dionysus)
1821 3909 2068 3983 μήποτε
2135 3911 2239 3971 τοῦ
2305 3909 2694 3987 Σοφοκλέους

316 4014 406 4088 εἴη
470 4015 713 4094 εἰρηκὼς
775 4013 1147 4093 τραγῳδίαν.
1212 4012 1492 4078 Ferenda
1546 4014 1700 4077 haec
1749 4020 1900 4078 sunt
1949 4014 2250 4089 fortasse,
2301 4034 2451 4078 cum
2499 4017 2696 4079 etiam

315 4121 394 4186 ad
465 4141 559 4185 vs.
611 4118 697 4187 ¹78
767 4120 1011 4205 Iophon
1081 4119 1329 4183 dicatur
1395 4117 1591 4182 rideri
1661 4120 1742 4189 ὥς
1804 4119 1888 4182 τοὶ
1951 4124 2058 4183 τοῦ
2126 4119 2359 4196 πατρὸς
2436 4120 2694 4196 λέγων

314 4226 637 4301 ποιήματα
658 4274 675 4303 ,
720 4226 829 4290 sed
865 4226 1170 4310 quoniam
1206 4226 1275 4287 in
1298 4223 1353 4287 V
1377 4229 1553 4288 extat
1576 4225 1892 4303 τραγῳδία
1913 4273 1929 4301 ,
1965 4226 2260 4309 ‚suspicor
2285 4224 2694 4293 scholiastam

316 4334 641 4416 scripsisse
681 4330 771 4402 εἴη
822 4330 1249 4404 νενικηκὼς
1296 4328 1634 4409 τραγῳδίᾳ.
1682 4329 1899 4394 Etiam
1948 4330 2300 4408 εἰσηχὼς
2341 4336 2405 4394 et
2445 4333 2697 4397 καθει-

313 4439 461 4509 κὼς
513 4438 863 4516 τραγῳδίαν
909 4439 977 4500 in
1023 4440 1305 4499 mentem
1350 4437 1637 4500 veniunt.
