3351 5463
684 376 811 439 146
1674 392 2065 440 AESOHYLUS.

774 556 1013 646 Agam.
1068 555 1261 622 1560.
1310 555 1515 637 (1559
1565 557 1768 635 Wkl.)

1132 664 1349 736 ὄνειδος
1401 661 1525 738 ἥκει
1578 664 1706 729 τόδ’
1753 666 1890 728 ἄντ’
1941 665 2216 735 ὀνείδους.

1134 770 1441 849 δύσμαχα
1494 770 1545 834 δ’
1594 770 1727 833 ἐστὶ
1779 778 1990 849 κρῖνοιι.

1135 878 1307 956 φέρει
1358 876 1623 955 Φέροντ’,
1675 877 1893 939 ἐκτίνει
1945 874 1995 941 δ’
2045 876 2072 939 ὅ
2121 877 2362 941 καίνων.

1136 983 1303 1057 μένει
1358 981 1419 1045 δὲ
1466 974 1798 1057 μίμνοντος
1849 983 1907 1044 ἕν
1958 980 2130 1062 θρόνῳ
2180 983 2324 1053 Διὸς

1137 1089 1351 1152 παθεῖν
1399 1087 1501 1150 τὸν
1548 1086 1853 1163 ἔρξαντα·
1905 1085 2143 1163 θέσμιον
2189 1087 2336 1166 γάρ.

683 1197 874 1260 Hune
919 1195 1134 1260 locum
1183 1193 1408 1269 attuli,
1458 1214 1581 1257 non
1628 1197 1706 1256 ut
1752 1197 2006 1257 textum
2053 1193 2492 1269 emendarem,
2543 1196 2654 1277 qui
2700 1214 2888 1258 sanus
2929 1199 3064 1272 est3

684 1303 791 1368 sed
829 1307 905 1364 ut
946 1306 1185 1365 rectam
1224 1302 1821 1383 interpretationem
1860 1319 2295 1383 proponerem.
2349 1299 2660 1377 δύσμαχα
2700 1300 2751 1364 δ’
2799 1300 3068 1365 fortasse

684 1428 831 1472 oum
881 1406 1309 1481 Weckleinio,
1358 1403 1501 1469 eoll.
1550 1426 1613 1468 v.
1670 1403 1865 1480 1532,
1916 1404 2286 1480 Suo-mim&
2337 1406 2742 1470 scribendum
2784 1412 2914 1483 est,
2956 1406 3070 1472 sed

683 1515 802 1577 hoe
849 1515 1063 1576 mitto.
1120 1512 1397 1587 Revera,
1448 1513 1503 1573 si
1548 1510 1702 1593 quid
1753 1510 1973 1586 video,
2023 1531 2241 1574 omnes
2289 1532 2448 1594 quos
2497 1512 2826 1589 consului,
2874 1515 3071 1577 inter.-

685 1624 929 1703 preteS,
1002 1614 1082 1681 G.
1147 1616 1478 1680 Hermann
1547 1614 1817 1694 (1852),
1888 1615 2163 1679 Karsten
2232 1615 2498 1695 (1855),
2572 1616 2739 1681 Weil
2810 1615 3068 1699 (1858),

687 1720 1363 1789 Schneidewin-Hense
1389 1719 1641 1801 (1883),
1666 1718 2164 1806 Enger-Gilbert
2187 1720 2440 1801 (1884),
2457 1721 2788 1787 Wecklein
2811 1722 3069 1803 (1888),

688 1851 814 1894 uno
851 1828 1098 1893 Keckio
1140 1824 1372 1906 (1863)
1414 1830 1707 1910 excepto,
1740 1826 1936 1889 verba
1958 1825 2130 1904 φέρει
2157 1826 2398 1904 φέροντ’
2424 1826 2586 1892 falso
2607 1827 3074 1894 intellexerunt

684 1944 747 2001 et
808 1934 1014 2000 malae
1071 1934 1571 2018 intel-punctioni
1630 1930 2054 1995 indulserunt.
2122 1931 2449 1997 Hermann
2514 1936 2745 1999 vertit:
2815 1936 3075 2021 „aufert

686 2040 1201 2127 Clytaemnestra
1263 2039 1637 2124 auferentem
1656 2085 1671 2114 ,
1739 2037 1970 2120 luitque
2028 2038 2133 2121 qui
2196 2037 2414 2100 oceidit
2431 2086 2446 2115 ,
2511 2060 2746 2104 nomen
2815 2038 3076 2127 Clytae-

685 2151 1035 2221 mnestrae,
1098 2146 1307 2207 nescio
1368 2143 1536 2206 unde
1591 2141 2050 2227 depromptum
2071 2191 2086 2219 ,
2153 2142 2388 2207 addens
2406 2163 2422 2220 ;
2491 2143 2765 2209 Karsten
2829 2148 3069 2211 vertit:

684 2246 983 2334 raptorem
1044 2250 1214 2331 rapit
1275 2249 1450 2325 alter,
1502 2248 1723 2311 occisor
1769 2248 1950 2311 solvit
1995 2251 2310 2311 mercedem
2358 2250 2537 2312 occisi
2553 2277 2581 2324 ,·
2631 2251 2932 2317 similiter
2977 2274 3075 2317 re-

684 2358 879 2441 liqui,
930 2376 1149 2421 omnes
1196 2354 1645 2418 Hermannum
1694 2352 1843 2439 plus
1891 2356 2190 2418 minusve
2238 2357 2461 2418 secuti.

774 2462 1139 2526 Videamus.
1202 2459 1486 2524 Verbum
1548 2461 1754 2538 φέρειν
1818 2479 2076 2543 prorsus
2139 2459 2363 2523 eodem
2426 2482 2613 2525 sensu
2660 2461 2894 2526 dieitur
2941 2484 3074 2547 quo

685 2570 909 2646 Latine
934 2569 1119 2652 ferre
1134 2594 1161 2641 ;
1203 2566 1465 2629 dicitur:
1515 2565 1677 2629 ferre
1725 2565 2006 2649 aliquem
2055 2586 2087 2629 e
2134 2564 2412 2649 proelio,
2465 2569 2679 2631 omnia
2725 2568 2850 2631 fert
2893 2574 3074 2633 aetas

685 2676 783 2756 (V
778 2681 946 2755 ere),
1010 2674 1171 2738 ferre
1235 2677 1300 2736 et
1362 2692 1550 2757 agere
1612 2675 1655 2736 i.
1707 2693 1760 2736 e.
1822 2672 2026 2736 facere
2089 2674 2374 2756 rapinas;
2434 2672 2539 2738 sed
2589 2694 2792 2759 neque
2840 2674 3072 2754 φέρειν,

685 2802 889 2866 neque
919 2781 1105 2864 ferre
1152 2782 1287 2845 sive
1336 2779 1588 2864 auferre
1635 2778 1954 2863 signifieat
2003 2778 2300 2856 occidere,
2356 2785 2419 2842 et
2465 2782 2556 2844 sio
2603 2787 2821 2844 tamen
2873 2782 3076 2860 verba

685 2887 859 2962 Φέρει
923 2885 1188 2962 φέρονται
1255 2885 1332 2947 ab
1393 2884 1852 2968 interpretibus
1914 2887 2334 2968 accipiuntur.
2385 2883 2456 2948 Si
2501 2871 2796 2950 Eteocles
2843 2891 2908 2951 et
2953 2887 3078 2951 Po-

684 2992 959 3077 lynices,
1012 3011 1078 3053 se
1122 2991 1404 3052 invicem
1452 2987 1770 3073 amplexi,
1819 2992 1886 3051 in
1936 2989 2172 3053 fossam
2218 2989 2601 3072 profundam
2647 2989 2932 3076 prolapsi
2977 3012 3075 3056 ee-

685 3097 986 3160 cidissent
1056 3101 1120 3158 et
1190 3097 1279 3158 sie
1342 3113 1508 3158 unus
1571 3092 1851 3158 alterum
1908 3094 2389 3170 submersisset,
2453 3101 2620 3160 reete
2684 3096 2810 3160 dici
2855 3101 3077 3180 posset

686 3203 855 3279 φέρει
904 3201 1207 3277 φέροντα,
1258 3205 1323 3263 et
1372 3199 1577 3276 φέρειν
1630 3199 1851 3263 eodem
1897 3199 2136 3263 rediret
2181 3221 2250 3263 ae
2297 3199 2594 3264 occidere.
2637 3199 2723 3264 Et
2769 3203 2858 3266 sic
2902 3201 3076 3266 illud

684 3308 951 3385 φέροντα
1017 3311 1187 3370 reete
1250 3326 1316 3368 se
1381 3305 1644 3369 haberet
1663 3324 1679 3380 ;
1746 3304 1852 3367 hie
1913 3310 2135 3368 autem
2181 3324 2385 3388 neque
2430 3303 2506 3368 de
2555 3302 3078 3391 Clytaemnestra

685 3433 889 3497 neque
952 3411 1027 3474 de
1091 3411 1367 3493 quodam
1414 3409 1539 3473 alio
1587 3409 1713 3473 diei
1758 3415 1967 3495 potest
2014 3410 2228 3495 aufert
2271 3410 2643 3493 auferentem
2661 3458 2675 3486 ,
2727 3411 3077 3477 dicendum

686 3524 822 3582 erat
870 3518 1026 3579 alter
1071 3517 1283 3600 aufert
1330 3537 1457 3576 eum
1501 3516 1605 3598 qui
1651 3518 1810 3593 (iam
1861 3520 2007 3579 ante
2056 3513 2301 3598 aliquot
2341 3520 2563 3594 annos)
2603 3516 2870 3581 abetubc’t.
2920 3519 3076 3584 Non

685 3625 1019 3707 participio
1082 3623 1433 3704 praesentis
1497 3620 1605 3684 sed
1665 3622 1886 3684 aoristi
1933 3641 2093 3705 opus
2142 3627 2256 3685 est.
2304 3620 2449 3685 Hoe
2496 3621 2796 3686 viderunt
2839 3624 3072 3703 Pauw‚

684 3730 796 3812 qui
843 3727 1055 3803 φθερεῖ
1100 3724 1411 3801 φθαρέντ’,
1461 3724 1547 3788 Η.
1597 3725 1672 3788 L.
1723 3726 2002 3802 Ahrens,
2054 3727 2165 3809 qui
2211 3728 2382 3804 φένει
2432 3727 2694 3804 φενόντ’,
2747 3727 2910 3793 Todt
2952 3733 3074 3813 qui

683 3832 854 3897 θείνει
899 3832 1117 3895 θενόντ’
1164 3833 1589 3895 coniecerunt.
1641 3830 1767 3895 Sed
1814 3831 1978 3895 nihil
2025 3831 2412 3896 mutandum
2450 3834 2575 3896 nisi
2611 3835 3071 3918 interpunctio·

773 3937 1185 4024 Legendum:

1135 4038 1351 4111 ὄνειδος
1399 4038 1529 4115 {facet
1579 4041 1705 4106 τόδ’
1754 4041 1888 4105 ἀντ’
1937 4040 2231 4112 ὀνείδους·

1138 4144 1510 4222 even-dha&
1558 4145 1691 4224 (vel
1737 4144 2045 4225 δύσμαχοι
2095 4145 2173 4224 δ’)
2223 4146 2355 4209 ἐστὶ
2405 4153 2634 4225 κρῖναι·

1134 4251 1306 4332 φέρει
1352 4251 1616 4331 φέροντ’.
1668 4251 1884 4313 ἐκτίνει
1938 4249 1989 4313 δ’
2041 4251 2068 4313 ὅ
2117 4251 2370 4314 καίνων·

1134 4355 1303 4431 μένει
1350 4357 1413 4420 δὲ
1460 4357 1792 4433 μίμνοντος
1840 4356 1901 4419 ἐν
1949 4353 2119 4434 θρόνῳ
2167 4356 2315 4425 Διὸς

1136 4461 1354 4524 πορθεῖν
1402 4462 1502 4524 τὸν
1551 4461 1850 4542 ἔρξαντα·
1901 4460 2140 4546 obeam
2187 4460 2334 4540 γάρ.
