3351 5463
676 348 806 415 112
1612 364 2112 415 amsrornmns.

672 535 827 597 vino
891 530 1213 595 madentes
1276 552 1387 615 per
1448 530 1773 595 Lenaeum
1836 530 2070 595 Bacchi
2133 530 2356 595 fanum
2422 529 2480 592 ἐν
2532 530 2805 606 Λίμναις
2849 532 3053 595 situm

602 636 609 641 ’
672 638 970 703 oberrant
1015 636 1171 700 dum
1218 636 1359 707 τοὺς
1409 637 1677 715 Χύτρους
1727 640 1954 721 agunt.

762 850 868 915 Vs,
919 849 1050 915 362
1074 870 1166 934 sq.
1214 853 1281 913 in
1325 850 1555 915 festiva
1598 848 1713 913 illa
1760 850 2104 928 προρρήσει,
2153 868 2345 932 quam
2383 849 2870 933 hierophantam
2908 850 3059 913 imi-

669 963 842 1021 tatus
910 956 1043 1021 edit
1111 955 1509 1041 coryphaeus
1576 972 1727 1019 cum
1796 957 2083 1040 primum
2142 955 2210 1016 in
2272 955 2664 1018 orchestram
2725 956 3022 1039 pervenit
3040 1001 3057 1031 ,

670 1064 843 1128 abire
919 1083 1068 1126 cum
1137 1061 1294 1126 alios
1361 1062 1656 1126 homines
1725 1063 2015 1145 impuros
2073 1067 2266 1144 atque
2327 1058 2623 1124 scelestos
2682 1060 2864 1125 iubet
2907 1066 3058 1124 tum

672 1170 961 1254 quisquis
1939 1162 2275 1245 τάπόρρητ’
2326 1165 2691 1241 ἀποπέμπει

944 1272 1014 1350 ἐξ·
1062 1273 1317 1349 Αἰγίνης
1367 1272 1682 1349 Θωρυκίων
1729 1269 1825 1348 ὤν,
1873 1269 2305 1347 εἰκοστολόγος
2353 1270 2764 1348 κακοδαίμων.

671 1379 829 1444 Post
884 1377 1129 1444 cladem
1189 1380 1257 1441 in
1304 1376 1525 1443 Sicilia
1570 1382 1896 1461 acceptam
1943 1382 2009 1441 et
2039 1374 2395 1461 *Deceleam
2441 1384 2816 1462 occupatam
2863 1378 3061 1443 Athe·

671 1486 920 1549 nienses
989 1487 1098 1557 τὴν
1169 1484 1445 1555 εἰκοστὴν
1506 1491 1622 1571 τῶν
1689 1484 1861 1548 κατὰ
1925 1484 2255 1547 θάλατταν
2318 1483 2456 1547 ἀντὶ
2526 1488 2632 1546 τοῦ
2694 1486 2882 1564 Φόρου
2931 1492 3058 1556 τοῖς

678 1589 960 1661 ὑπηκόοις
1008 1590 1322 1666 ἐποίησαν,
1378 1589 1568 1653 πλείω
1618 1589 1961 1669 νομίζοντες
2002 1588 2078 1653 ἂν
2117 1590 2298 1666 σφίσι
2339 1590 2646 1667 χρήματα
2691 1585 2845 1653 οὕτω
2888 1613 3070 1669 προσ·-

674 1695 864 1771 ιένοιι,
927 1700 1001 1758 ut
1062 1716 1096 1758 e
1160 1694 1532 1781 Thucydide
1580 1693 1727 1772 (VII
1775 1694 1860 1759 28
1911 1696 1945 1778 ᾖ
1983 1695 2051 1774 4)
2097 1696 2400 1759 novimus
2445 1716 2684 1760 omnes.
2731 1696 2908 1761 Inter
2953 1696 3068 1761 ho-

670 1805 876 1888 mines
922 1803 1150 1887 igitur,
1198 1804 1309 1885 qui
1355 1802 1744 1887 vigesimam
1791 1799 1952 1865 hanc
2002 1803 2317 1865 mercium
2363 1803 2431 1864 in
2478 1804 2795 1866 sociorum
2832 1808 3068 1887 portus

669 1910 1167 1992 importatarum
1206 1906 1313 1971 vel
1350 1905 1497 1970 inde
1538 1912 2020 1991 exportatarum
2059 1906 2457 1970 redimebant
2473 1955 2490 1983 ,
2531 1907 2658 1971 fuit
2695 1906 3069 1993 Thorycion

672 2014 880 2077 nescio
935 2015 1112 2097 quis;
1181 2015 1291 2096 qui
1338 2012 1496 2076 dum
1542 2011 1620 2076 ad
1666 2010 1783 2075 illa
1826 2013 2106 2096 portoria
2151 2010 2512 2097 colligenda
2556 2034 2670 2097 per
2715 2034 2892 2078 mare
2939 2013 3067 2079 Ae-

670 2140 909 2206 gaeum
946 2119 1226 2196 vehitu‘r,
1269 2119 1455 2182 coriis
1490 2116 1620 2182 lino
1667 2119 1808 2202 pice
1825 2164 1842 2194 ,
1893 2136 2053 2201 quae
2099 2119 2471 2183 triremibus
2520 2119 2816 2183 ornandis
2864 2121 3070 2183 inser·

669 2226 965 2301 viebant,
1036 2222 1319 2307 undique
1389 2225 1653 2288 coemtis
1721 2243 1957 2288 navem
2026 2243 2212 2288 suam
2283 2227 2612 2303 oneravit,
2676 2230 2752 2289 ut
2817 2246 3066 2311 magno

673 2332 879 2415 pretio
938 2329 1229 2393 hostibus
1292 2349 1365 2392 ea
1425 2328 1748 2394 venderet.
1820 2327 1920 2391 Ex
1968 2330 2216 2415 Aegina
2263 2335 2516 2407 autem,
2566 2333 2678 2415 qui
2722 2334 3068 2416 proximus

674 2424 818 2499 orae
862 2433 1285 2519 Peloponnesi
1328 2439 1465 2498 erat
1506 2432 1684 2497 locus
1701 2481 1718 2509 ,
1770 2453 1919 2497 cum
1967 2433 2370 2517 Epidaurum
2415 2454 2488 2499 ea
2526 2435 2695 2499 clam
2731 2439 3072 2501 transmit-

671 2545 805 2605 tere
867 2548 1217 2615 conaretur,
1282 2539 1623 2623 deprensus
1687 2544 1804 2602 est.
1870 2575 1953 2586 —
2020 2537 2126 2603 Sic
2186 2538 2404 2603 locum
2463 2542 2866 2625 interpretor.
2932 2538 3068 2607 Oui

669 2647 1183 2729 interpretationi
1228 2665 1353 2708 non
1400 2645 1608 2708 obstat
1651 2643 2097 2728 Xenophontis
2134 2644 2212 2709 de
2255 2643 2652 2710 Chalcedone
2692 2645 2866 2710 locus
2905 2644 3072 2711 Hel-

669 2750 796 2816 len.
846 2751 878 2815 1
926 2750 965 2814 3
1014 2749 1137 2834 §9‚
1204 2750 1371 2815 unde
1431 2749 1689 2814 Boeckh
1753 2748 2058 2829 (Staatsh.
2109 2747 2170 2813 1³
2217 2772 2280 2835 p.
2333 2751 2492 2830 396)
2537 2751 2846 2817 efficiebat
2891 2753 3065 2817 hanc

668 2858 1056 2942 vigesimam
1125 2876 1251 2919 non
1316 2875 1519 2940 usque
1579 2855 1659 2919 ad
1720 2855 1914 2918 finem
1978 2853 2132 2918 belli
2195 2877 2232 2919 a
2295 2858 2484 2920 sociis
2548 2877 2682 2922 esse
2728 2862 3022 2922 exactam
3043 2906 3063 2935 ,

670 2982 839 3025 nunc
900 2963 1107 3046 igitur
1167 2981 1205 3024 a
1264 2963 1505 3026 comico
1567 2982 1692 3025 non
1753 2980 1938 3045 posse
1984 2962 2246 3046 respici;
2297 2982 2446 3026 nam
2495 2961 2721 3026 eodem
2769 2970 3065 3048 tempore

670 3067 827 3132 alias
889 3067 1078 3131 urbes
1138 3066 1487 3131 foederatas
1504 3114 1520 3143 ,
1587 3069 1657 3130 in
1717 3066 1820 3130 his
1869 3063 2331 3132 Chalcedonem
2350 3114 2367 3144 ,
2415 3068 2740 3132 tributum
2787 3067 3063 3134 solvisse

668 3177 746 3237 ut
800 3178 1019 3249 antea,
1074 3170 1230 3236 alias
1267 3174 1617 3258 vigesimae
1665 3174 1982 3236 mercium
2031 3171 2447 3237 advectarum
2494 3172 2602 3238 vel
2646 3179 3024 3238 evectarum
3041 3222 3062 3250 ,

669 3280 825 3343 satis
849 3280 981 3342 iam
1006 3283 1288 3354 constat;
1330 3278 1463 3342 vid.
1490 3298 1651 3362 quae
1674 3277 1988 3342 Fraenkel
2014 3279 2082 3341 in
2106 3283 2320 3342 annot.
2350 3275 2478 3344 537
2505 3277 2640 3343 illic
2667 3280 3062 3345 observavit.

669 3383 890 3468 Neque
931 3404 1035 3448 me
1072 3389 1336 3448 movent
1370 3385 1579 3468 ipsius
1616 3382 1980 3447 Fraenkelii
2019 3384 2211 3449 verba
2249 3383 2494 3464 (ibid.):
2546 3385 2753 3461 „nach
2789 3383 3068 3468 Thuky-

671 3487 890 3568 „dides
935 3487 1108 3553 kann
1156 3488 1266 3553 der
1311 3487 1774 3553 biindnerische
1820 3487 2240 3574 Zwanzigstel
2284 3510 2409 3552 nur
2454 3489 2534 3555 da
2582 3490 2858 3555 erhoben
2897 3509 3066 3554 wor-

672 3593 837 3672 „den
899 3596 1033 3658 sein
1052 3640 1068 3671 ,
1132 3614 1229 3658 wo
1279 3594 1507 3658 vorher
1554 3593 1784 3658 'I'ribut
1830 3592 2086 3679 gezahlt
2133 3594 2386 3673 wurde;
2436 3594 2569 3660 dies
2613 3615 2747 3660 war
2792 3591 2938 3660 abe'r
2980 3595 3066 3658 in

670 3699 966 3785 „Aegina
1007 3701 1129 3763 seit
1166 3701 1372 3764 seiner
1407 3699 1770 3786 Besetzung
1809 3699 2013 3764 durch
2051 3699 2321 3764 attische
2357 3698 2725 3766 Kleruchen
2747 3699 2845 3765 Ol.
2872 3695 2978 3777 87,
3009 3699 3063 3765 2

670 3804 892 3882 „nicht
954 3803 1064 3868 der
1122 3803 1264 3869 Fall
1327 3826 1639 3891 gewesen.
1705 3804 1837 3869 Der
1893 3805 2322 3890 aeginetische
2383 3803 2808 3891 Zwanzigstel
2853 3805 3066 3889 [apud

670 3909 1208 3994 „Aristophanem
1253 3915 1469 3975 nostro
1514 3910 1680 3992 loco]
1733 3913 1822 3974 ist
1867 3909 2004 3975 also
2053 3957 2070 3974 .
2100 3957 2114 3973 .
2139 3960 2152 3975 .
2185 3959 2198 3974 .
2248 3913 2375 3975 mit
2412 3911 2633 3976 Bockh
2674 3911 2767 3976 als
2809 3913 2911 3975 ein
2949 3910 3069 3976 fiir

671 4014 885 4092 „diese
929 4013 1101 4079 Insel
1147 4016 1493 4080 erhobener
1538 4015 1675 4080 Zoll
1720 4015 2137 4081 anzusehen''.
2199 4017 2367 4081 Nam
2414 4016 2484 4079 in
2529 4015 2763 4096 Aeyina
2810 4014 3070 4101 Thory-

665 4122 913 4184 cionem
972 4123 1362 4205 vigesimam
1426 4121 1759 4208 collegisse
1822 4123 1993 4206 apud
2057 4122 2548 4206 Aristophanem
2610 4144 2735 4188 non
2783 4121 3062 4208 legitur,

663 4223 817 4291 licet
862 4226 1119 4292 Boeckh
1186 4249 1219 4292 e
1276 4233 1495 4293 nostro
1556 4226 1693 4292 loco
1756 4227 1837 4291 id.
1889 4227 2197 4304 effecerim
2262 4249 2465 4313 neque
2501 4227 2828 4294 ‘credibile
2889 4227 3068 4293 mihi

662 4331 923 4398 videtur
966 4332 1387 4399 Athenienses
1434 4355 1583 4398 suos
1627 4335 1920 4419 ipsorum
1960 4336 2132 4399 cives
2168 4336 2240 4398 in
2277 4335 2528 4422 Aegina
2571 4335 2875 4422 degentes
2913 4341 3066 4402 tam

665 4439 917 4524 ingenti
962 4441 1247 4523 portorio
1295 4460 1576 4506 vexasse.
