3351 5463
689 359 821 424 292
1630 376 2129 424 Amsmormns.

778 540 885 608 Vs.
937 538 1134 608 1279.
1182 539 1462 623 πρόσαγε
1512 539 1711 623 χορόν,
1761 540 1968 620 ἔπαγε
2015 542 2078 608 δὲ
2124 541 2435 624 χάριτας,

1187 648 1289 714 ἐπὶ
1338 647 1399 714 δὲ
1449 646 1712 713 κάλεσον
1756 647 2057 729 ’Άρτεμιν

1184 755 1285 820 ἐπὶ
1332 754 1393 820 δὲ
1442 753 1685 832 δίδυμον
1735 753 1888 837 [ἄγε
1933 755 2142 839 χορὸν]
2191 757 2336 832 ἰήιον

1184 860 1423 942 εὔφρον’
1474 860 1574 926 ἐπὶ
1624 860 1688 926 δὲ
1733 858 1979 940 Νύσιον,

961 966 1134 1032 1282
1182 965 1244 1040 ὃς
1291 968 1461 1046 μετὰ
1509 966 1920 1047 βακχειος
1970 966 2290 1048 ὄμμασι
2337 967 2679 1036 δαίεται

1182 1075 1308 1139 Διά
1356 1099 1427 1138 τε
1472 1075 1612 1156 πυρὶ
1661 1073 2074 1155 Φλεγόμενον,
2124 1075 2223 1140 ε’πὶ
2269 1075 2336 1140 δὲ
2382 1091 2525 1143 κτλ.

684 1177 955 1244 Versum
1005 1177 1180 1245 1282
1226 1183 1498 1265 pessime
1544 1181 1843 1246 habitum
1887 1180 2186 1246 audacter
2230 1183 2321 1246 sic
2367 1182 2694 1267 rescripsit
2740 1181 3019 1269 Blaydes

1179 1283 1241 1357 ὃς
1288 1286 1457 1360 μετα
1505 1287 1925 1353 Μαινάσιν
1973 1286 2357 1364 λαμπάδι
2405 1288 2744 1353 δαίεται

683 1411 843 1474 quae
903 1392 1096 1465 verba
1116 1439 1133 1469 ,
1198 1391 1341 1456 coll.
1406 1392 1559 1456 Eur.
1626 1391 1770 1457 Tro.
1839 1391 1992 1475 825,
2058 1395 2171 1457 vix
2236 1392 2424 1458 aliter
2487 1397 2736 1459 vertere
2800 1413 3060 1478 possum

684 1517 877 1581 quam
947 1499 1039 1560 sic
1100 1499 1256 1580 „qui
1317 1518 1465 1561 cum
1528 1496 1946 1562 Maenadibus
2010 1497 2142 1564 face
2206 1498 2668 1563 comburitur.''
2740 1497 3061 1564 Plurimas

681 1602 854 1666 idem
914 1601 993 1665 ad
1038 1602 1100 1667 h.
1150 1601 1197 1666 1.
1246 1608 1527 1667 recenset
1572 1606 1962 1668 coniecturas
1981 1651 1998 1681 ,
2050 1625 2322 1688 quarum
2369 1605 2535 1668 mihi
2582 1603 2846 1689 quidem
2889 1602 3062 1668 nulla

682 1705 1028 1791 probabilis
1076 1707 1353 1772 videtur.
1402 1707 1696 1773 Lenitate
1744 1728 1810 1773 se
1856 1709 2261 1774 commendat
2307 1709 2461 1774 haec
2507 1727 2686 1774 mea:

819 1803 879 1884 ὃς
928 1811 1099 1889 μετὰ
1144 1812 1494 1895 βακχίσ’
1544 1815 1621 1878 ἐν
1668 1813 2178 1896 (νθ1βακχίσιν)
2224 1813 2496 1894 οὔρεσι
2543 1813 2974 1899 μαίνεται,

682 1938 841 2002 quae
886 1919 1080 1986 verba
1127 1925 1345 2004 aptam
1392 1921 1693 2005 praebere
1741 1923 2124 1986 sententiam
2171 1942 2358 1985 nemo
2402 1920 2587 1987 facile
2632 1922 2915 2008 negabit.

1813 2471 1918 2538 IV.

1445 2704 1532 2754 AD
1581 2702 2294 2755 THBSMOPHORIAzUSAE.

769 2870 875 2936 Vs.
925 2870 1079 2935 286.
1127 2868 1383 2934 Mnesil.

1132 2975 1444 3040 Δέσποινα
1491 2975 1879 3054 πολυτίμητε
1929 2976 2222 3057 Δήμητερ
2267 2976 2428 3059 φίλη

1128 3078 1236 3147 καὶ
1288 3081 1736 3162 Φερρέφαττα,
1787 3082 1997 3147 πολλοὶ
2047 3084 2353 3156 πολλάκις
2402 3082 2487 3162 μέ
2533 3107 2624 3149 σοι

1129 3187 1286 3253 θύειν
1334 3184 1727 3267 ἔχουσαν,
1779 3190 1829 3254 εἰ
1879 3188 1942 3252 δὲ
1989 3190 2218 3267 μάλλὰ
2268 3195 2369 3255 νῦν
2415 3191 2647 3256 λαθεῖν.

674 3296 867 3361 Recte
930 3296 1310 3361 mendosum
1373 3291 1639 3373 ἔχουσαν
1689 3294 1846 3359 dicit
1891 3295 2189 3381 Blaydes.
2238 3296 2363 3361 Vix
2409 3302 2629 3361 autem
2677 3296 2857 3362 aliud
2900 3297 3054 3364 latet

676 3422 865 3487 quam
932 3402 1363 3479 ἀνιοῦσαν,
1429 3400 1598 3485 quod
1645 3402 1843 3465 etiam
1889 3408 2104 3466 mente
2150 3402 2568 3487 repetendum
2613 3407 2710 3467 est
2756 3409 2902 3487 post
2945 3418 3052 3468 λα-

674 3510 812 3572 θεῖν.
875 3506 1159 3573 Verbum
1222 3507 1449 3571 ἀνιέναι
1509 3505 1585 3571 de
1629 3506 1864 3592 Pnycis
1883 3555 1898 3584 ‚
1948 3507 2060 3571 ubi
2105 3506 2686 3594 Thesmophorium
2733 3513 2870 3573 erat
2887 3557 2904 3587 ,
2953 3509 3053 3573 ad·

673 3633 899 3678 scensu
942 3612 1308 3697 frequenter
1349 3616 1419 3676 in
1462 3613 1581 3678 hac
1630 3611 1848 3677 fabula
1895 3615 2188 3677 occurrit.

763 3830 870 3895 Vs.
920 3827 1074 3895 497.
1819 3831 1870 3895 εἰ
1919 3830 1983 3895 δὲ
2029 3829 2299 3910 Φαίδραν
2344 3830 2599 3911 λοιδορεῖ
2637 3832 3049 3921 (Euripides),

1126 3935 1273 4012 ἡμῖν
1317 3934 1383 3999 τί
1428 3935 1633 4014 τοῦτ’;
1687 3936 1918 4014 ’(ἒπεὶ)
1963 3936 2085 4001 οὐδ’
2136 3938 2313 4002 ἐκεῖν’
2364 3935 2556 4016 εἴρηκέ
2604 3961 2730 4017 πω,

1123 4043 1212 4113 ὥς
1265 4043 1299 4114 ἦ
1348 4042 1501 4131 γυνὴ
1552 4035 1838 4106 δεικνῦσα
1888 4043 2094 4124 τάνδρὶ
2146 4044 2530 4123 τοῦγκυκλον

1125 4146 1243 4210 ὑπ’
1292 4146 1557 4223 αὐγὰς
1611 4142 1727 4211 οἷόν
1781 4148 1945 4212 ἐστιν
1991 4148 2735 4227 ἐγκεκαλυμμένον

1124 4254 1226 4319 τὸν
1271 4258 1492 4330 μοῒχον
1541 4250 1895 4330 ἐξέπεμψεν
1942 4254 2080 4318 οὐκ
2128 4252 2404 4331 εἴρηκέ
2449 4278 2579 4320 πω.
2956 4340 2961 4345 .

671 4355 1036 4422 Admodum
1098 4358 1515 4444 probabiliter
1574 4358 1798 4444 Reisig
1858 4379 1954 4424 vs·
2004 4356 2137 4423 498
2201 4363 2489 4424 restituit
2536 4360 2708 4445 quod
2759 4362 3045 4449 elapsum

670 4466 808 4527 erat
869 4464 1040 4541 ἐπεί,
1102 4485 1215 4528 nec
1274 4466 1491 4528 minus
1551 4485 1781 4529 verum
1827 4468 1983 4547 puto
2029 4463 2199 4547 quod
2243 4467 2313 4528 in
2361 4485 2550 4531 versu
2595 4470 2890 4551 sequenti
2936 4488 3044 4553 pro
3071 4538 3090 4557 ,
