3351 5463
1325 339 1556 392 mvms.
2548 328 2635 393 29

256 505 572 573 emblema
616 507 685 570 iu
713 507 945 592 fuyam
962 554 978 583 ,
1028 506 1196 590 quod
1242 511 1408 571 recte
1446 507 1625 572 abest
1663 508 1742 571 ab
1779 506 1996 573 altero.
2036 508 2258 593 Neque
2298 511 2471 572 enim
2519 508 2641 574 ele-

255 612 480 695 phant-i
519 613 588 676 in
628 611 856 699 fugam
894 615 1226 676 verterunt
1243 660 1259 688 ,
1301 611 1410 675 sed
1449 615 1702 676 tantum
1739 613 2079 678 turbarunt
2111 616 2353 697 equites
2381 611 2642 678 Cartha-

254 719 574 801 ginienses
593 765 609 793 ,
678 737 836 801 quos
899 716 1044 780 dein
1105 718 1356 800 impetu
1418 716 1582 780 facto
1642 719 1711 781 in
1771 718 1999 802 fugam
2043 718 2303 782 Laelius
2351 721 2637 783 coniecit.

261 821 522 910 Corrige
588 814 831 909 igitur:
897 822 980 886 iu
1025 845 1205 886 euos
1250 825 1528 886 dextro
1577 845 1850 900 cornu,
1904 870 2007 901 ..,
2056 831 2478 888 verterunt
2524 830 2641 904 (re-

257 927 535 1012 flexive).

342 1143 442 1208 Ex
487 1143 953 1229 glossematum
999 1163 1230 1229 genere
1275 1143 1430 1208 haec
1479 1145 1799 1210 adnotavi.

343 1270 398 1313 ο.
453 1249 510 1313 1.
541 1249 603 1314 6.
661 1251 834 1331 Quod
875 1250 946 1313 iu
992 1249 1261 1314 Bruttiis
1307 1251 1917 1331 <provincia>,
1963 1251 2119 1315 idem
2163 1252 2233 1316 iu
2270 1253 2527 1316 Etruria
2566 1275 2639 1316 ae

257 1355 585 1435 Liyuribus
634 1359 947 1420 decretum.
2480 1415 2487 1421 .

345 1458 441 1525 Cf.
494 1460 597 1545 §2
660 1469 794 1524 uter
855 1462 1132 1524 Bruttios
1193 1462 1432 1525 haberet
1485 1509 1500 1525 .
1531 1510 1544 1526 .
1576 1508 1591 1525 .
1640 1463 1739 1525 eui
1787 1463 1900 1525 Br.
1950 1464 2299 1527 evenissent.
2349 1463 2451 1547 §8
2506 1465 2642 1526 Cae-

245 1565 424 1646 pioni
463 1567 578 1631 Br.
622 1589 708 1630 ev.
753 1588 806 1631 ο.
853 1565 955 1630 19.
988 1566 1071 1630 10
1109 1566 1214 1650 qui
1248 1567 1316 1628 in
1347 1568 1460 1630 Br.
1504 1576 1696 1646 eraut,
1725 1574 1789 1632 et
1812 1567 1920 1632 28.
1949 1566 2057 1632 45.
2085 1568 2125 1633 9
2152 1557 2267 1653 sq„
2295 1567 2401 1633 29.
2431 1567 2537 1633 23.
2571 1571 2638 1645 1;

260 1667 362 1734 27.
391 1669 498 1733 35.
531 1670 617 1735 10
665 1671 848 1734 alteri
895 1671 1010 1733 Br.
1053 1678 1110 1734 et
1150 1672 1386 1734 Lucani
1431 1719 1445 1736 .
1476 1719 1491 1736 .
1523 1719 1536 1736 .
1579 1673 1762 1736 alteri
1811 1673 2021 1738 Galbia
2058 1676 2316 1736 decreta.
2366 1674 2642 1738 Additur

245 1775 602 1855 provincia,
665 1777 779 1840 ubi
839 1776 1182 1840 adhibetur
1242 1798 1305 1841 v.
1374 1799 1533 1854 esse,
1599 1778 1677 1841 ef.
1744 1798 1937 1861 supra
1999 1778 2079 1842 ad
2125 1777 2231 1843 28.
2264 1777 2370 1844 36.
2404 1780 2436 1842 l
2488 1785 2553 1844 et
2600 1778 2641 1842 4

265 1881 360 1942 eui
403 1881 650 1945 Bruttii
684 1881 1011 1964 provincia
1058 1888 1206 1945 erat.

347 2119 398 2163 ο.
448 2097 511 2162 8.
541 2097 602 2162 4.
669 2098 789 2162 Per
851 2099 1163 2184 insequens
1225 2099 1467 2163 biduum
1529 2099 1908 2164 tumultuosis
1956 2100 2218 2178 <ltine
2264 2108 2503 2185 atque
2547 2101 2640 2163 ib-

260 2202 287 2263 l
299 2204 324 2265 i
337 2227 375 2266 u
391 2211 494 2282 c>
557 2203 1003 2267 excursionibus
1060 2205 1310 2284 invicem
1374 2205 1537 2269 nihil
1596 2205 1763 2269 dictu
1822 2206 1973 2270 satis
2035 2207 2277 2286 diyuwm
2322 2208 2637 2292 fecerunt.

345 2308 930 2375 Weissenbornius:
976 2311 1159 2387 „hine
1196 2334 1253 2374 a.
1281 2310 1380 2375 ill.
1406 2311 1677 2397 gibt‘die
1700 2311 2323 2398 Ausgangspunkte:
2366 2313 2433 2374 iu
2456 2313 2639 2375 vicem

261 2412 368 2476 das
427 2414 930 2500 wechselseitige
976 2414 1368 2479 Verbaltniss
1387 2415 1450 2492 ‚''
1515 2437 1709 2500 quae,
1770 2419 1825 2480 si
1871 2416 2026 2501 quid
2072 2417 2260 2481 video
2282 2465 2299 2493 ,
2349 2417 2414 2482 h.
2440 2416 2486 2480 l.
2541 2438 2640 2482 eo-

260 2518 402 2582 dem
450 2520 737 2584 redeunt.
801 2521 886 2582 Η.
936 2527 1114 2604 atque
1157 2520 1201 2583 i.
1244 2523 1461 2605 potius
1507 2520 1826 2606 glossema
1873 2525 1968 2584 est
2014 2521 2301 2585 adverbii
2346 2521 2594 2585 invicem
2616 2569 2632 2598 ,

259 2626 468 2688 minus
529 2624 716 2689 solita
761 2627 1002 2689 ratione
1048 2628 1375 2710 usurpati,
1426 2647 1817 2711 quamquam
1862 2626 2055 2690 habes
2100 2647 2154 2689 e.
2209 2624 2311 2690 10.
2341 2626 2380 2689 6
2430 2648 2631 2689 excur-

256 2731 444 2794 siones
489 2729 742 2794 invicem
771 2731 944 2813 fieri.

344 2953 395 2997 c.
450 2932 554 2999 15.
587 2932 691 2997 10.
761 2935 933 3015 Quod
984 2935 1366 2999 temeritatem
1413 2935 1742 2998 temeritate
1788 2935 1944 3013 <al
1962 2935 2114 3014 ia>
2164 2934 2349 3000 buerit
2393 2944 2452 3000 et
2500 2936 2639 3001 tri-3-

259 3037 461 3100 tiorem
505 3060 628 3101 rem
645 3086 662 3116 ,
711 3062 885 3123 quam
931 3063 1159 3104 necesse
1187 3041 1403 3128 fuerit
1419 3088 1436 3117 ,
1468 3040 1709 3125 feeerit
1726 3088 1742 3117 ,
1794 3038 2005 3103 leviter
2051 3041 2327 3121 eaetiqat.

343 3142 442 3207 Ita
512 3143 819 3221 Romani,
893 3147 1133 3228 opinor,
1204 3146 1646 3230 loquebantur,
1717 3152 1793 3208 ut
1860 3148 1930 3209 in
2000 3145 2331 3209 formulis:
2403 3168 2635 3211 manus

260 3267 521 3311 manum
586 3247 796 3326 lavat,
868 3248 1030 3334 lapis
1092 3249 1370 3335 lapidem
1435 3253 1620 3326 terit,
1685 3253 1827 3314 sim.
1892 3248 2075 3314 Unus
2140 3251 2271 3315 eod.
2337 3252 2528 3316 habet
2575 3275 2632 3337 q.

257 3354 637 3418 temeritatem
682 3354 814 3417 abia
861 3355 929 3432 l„
978 3356 1144 3440 quod
1189 3377 1314 3421 non
1365 3358 1574 3442 magis
1621 3356 2024 3439 probandum
2072 3361 2187 3421 est.

342 3593 395 3636 o.
437 3572 526 3637 24
567 3580 728 3639 extr.
785 3576 925 3637 Oum
961 3574 1203 3659 quidam
1228 3574 1410 3656 pacis
1437 3574 1691 3656 petitae,
1734 3574 1852 3637 abii
1889 3575 2263 3638 indutiarum
2287 3579 2448 3653 <--
2475 3597 2631 3649 uec-

257 3677 419 3739 dum
466 3678 670 3741 euim
717 3679 892 3743 dies
938 3680 1255 3743 exierat
1302 3686 1462 3757 —->
1490 3681 1683 3762 fidem
1730 3688 2087 3761 opponerent
2113 3727 2626 3745 ............

341 3803 392 3845 o.
442 3781 530 3846 25
577 3786 667 3847 in.
718 3784 793 3846 N
786 3786 1002 3847 owdum
1045 3786 1116 3847 ab
1160 3785 1354 3847 Roma
1399 3790 1767 3848 reverterant
1814 3784 1999 3864 leqati
2015 3834 2030 3865 ,
2080 3807 2265 3869 neque
2308 3786 2625 3862 sciebatur,

253 3908 397 3969 quae
453 3895 700 3951 senatus
760 3890 1021 3952 Romani
1068 3891 1141 3952 de
1188 3890 1340 3952 betto
1388 3896 1495 3952 aut
1529 3912 1687 3970 paee
1729 3888 2025 3951 sententia
2071 3896 2219 3952 esset
2239 3937 2253 3960 ‚
2304 3912 2343 3953 n
2361 3892 2627 3953 eodum

252 3989 757 4063 indutiarum
828 3996 1006 4059 dies
1072 3995 1413 4059 excierat.
1485 3996 1574 4058 Eo
1639 3994 2040 4074 iudi-quierem
2100 3994 2392 4058 iniuriam
2452 4002 2624 4059 ratus

252 4094 446 4177 Scipio
494 4104 615 4162 cet.

335 4202 746 4269 Alterutrum
809 4208 1104 4290 spurium
1165 4226 1298 4270 esse
1361 4208 1493 4270 iam
1547 4204 1817 4270 credidit
1860 4225 1924 4269 v.
1975 4205 2041 4269 d.·
2081 4208 2151 4269 in
2196 4206 2514 4271 Mnemos.
2568 4229 2625 4271 a.

255 4305 444 4385 1852,
519 4310 629 4374 sed
696 4310 865 4375 male
937 4311 1173 4377 delevit
1243 4314 1623 4396 posteriora,
1691 4330 1851 4395 quae
1912 4314 1979 4375 et
2040 4316 2207 4375 recte
2266 4307 2627 4376 constructa

249 4420 396 4476 sunt
441 4416 716 4494 (necdum
760 4421 907 4501 post
951 4418 1228 4495 nondum,
1276 4438 1425 4481 oum
1469 4419 1538 4480 in
1585 4415 1785 4481 altero
1832 4413 1971 4480 looo
2013 4416 2445 4500 parenthetieo
2485 4437 2626 4481 eon-
