3351 5463
966 382 1184 456 connx'
1222 407 1452 454 Arnum
1497 407 1987 456 normannus.
2535 385 2666 452 219

318 575 368 648 Φ
426 571 600 658 paulo
737 573 1052 637 sereniore
1190 573 1487 637 obediens
1601 579 1678 636 ut
1782 573 2124 638 iubebatur
2253 573 2624 636 uiuentium

318 675 350 739 δ
398 677 629 762 paulo
679 679 1109 743 sereniore
1158 678 1551 743 obediens
1600 684 1694 743 ut
1732 679 2189 743 uidebatur
2228 679 2669 742 uiuentium
2721 683 2736 690 ‘

1355 782 1399 822 in
1460 784 1596 824 cotors
2655 794 2668 808 ·

312 845 362 914 Φ
403 837 627 902 munia
658 839 707 918 ¹)
746 858 856 936 ma
896 858 1233 922 prorursus
1276 795 1630 921 inspectore
1659 837 1710 918 ²)
1754 839 1956 903 immo
2002 858 2154 901 uero
2245 839 2502 922 penitus
2593 834 2669 898 in

312 941 345 1004 δ
394 945 663 1008 munia
894 965 1190 1008 rursus
1248 947 1332 1008 in
1378 952 1723 1029 pectore
1767 947 2145 1009 imouere
2193 945 2540 1028 penitus
2585 943 2670 1006 in

310 1055 359 1124 Φ
420 1045 742 1114 medullis
867 1051 1052 1115 luctu
1137 1071 1208 1115 ac
1277 1043 1557 1114 merore
1662 1050 1956 1133 carpebat
2093 1051 2382 1113 animum
2443 1052 2508 1111 et
2539 1047 2672 1110 dies

310 1153 339 1214 ὃ
393 1153 795 1219 medullis
839 1155 1084 1219 luctu
1132 1176 1216 1220 ac
1263 1176 1583 1219 merore
1629 1154 2025 1240 carpebat
2063 1156 2429 1219 animum
2470 1151 2674 1232 dies-

307 1264 354 1336 Φ
631 1265 799 1325 totos
936 1267 1230 1344 totasque
1389 1267 1606 1326 noctes
1782 1263 2147 1326 insumebat
2310 1258 2636 1324 luctuoso

305 1363 334 1426 δ
392 1385 535 1448 que
604 1370 831 1431 totos
902 1372 1297 1450 totasque
1366 1371 1654 1430 noctes
1718 1367 2223 1431 insinuebat
2283 1365 2672 1429 luctuoso

299 1475 350 1546 Φ
394 1449 826 1536 (Te—sistierio
887 1476 951 1537 et
1064 1473 1422 1556 imaginem
1606 1471 1890 1536 defuncti
2067 1488 2238 1550 quas
2328 1468 2416 1536 ad
2482 1466 2674 1532 habi-

302 1573 333 1636 3
388 1574 829 1642 desiderio.
880 1577 979 1640 Et
1025 1579 1511 1662 ymaginem
1557 1576 1988 1643 deffuncti
2035 1598 2275 1662 quam
2322 1575 2416 1640 ad
2454 1575 2676 1639 habi-

296 1686 352 1757 Φ
392 1678 541 1744 tum
612 1679 814 1749 deis
834 1682 1025 1748 liberi
1182 1683 1501 1747 seraverat
1658 1662 1912 1748 —adfixo
2071 1681 2373 1748 seruitio
2503 1677 2677 1744 diui-

297 1785 331 1848 3
392 1790 558 1850 tum
607 1787 740 1851 dei
785 1787 1053 1852 liberi
1098 1789 1625 1853 formauerat
1671 1789 1995 1854 adfisso
2045 1789 2420 1886 seruit-:io
2467 1786 2675 1852 diui-

294 1898 355 1968 Φ
400 1890 505 1956 nis
572 1892 946 1972 percolens
1038 1873 1387 1960 honoffssus
1478 1897 1617 1978 ipso
1715 1915 1849 1958 sese
1870 1874 2183 1958 —solatio
2276 1890 2634 1956 cruciabat

295 1997 330 2060 δ
390 1999 511 2061 nis
558 1998 1007 2082 percolens
1056 2000 1415 2064 honores
1461 2002 1642 2084 ipso
1693 2021 1873 2065 sese
1915 1999 2229 2064 solatio
2271 1998 2676 2063 conciabat

293 2109 349 2182 Φ
732 2103 1087 2190 tharsyllus
1136 2103 1235 2170 ‘136
1270 2103 1319 2185 3)
1360 2125 1658 2191 praeceps
1707 2104 1834 2172 alio
1853 2127 1892 2191 q
1908 2109 2035 2170 uin
2264 2085 2411 2097 —
2449 2101 2524 2167 et
2586 2100 2674 2166 de

290 2208 324 2272 δ
426 2207 591 2307 Q
684 2209 1194 2284 thrassillus
1240 2232 1643 2296 praeceps
1693 2210 2085 2296 alioquin
2457 2214 2536 2274 et
2582 2209 2674 2274 de

287 2322 342 2392 φ
391 2312 546 2395 ipso
628 2314 916 2382 nomine
1030 2314 1454 2380 temerarius
1614 2319 1991 2402 priusquam
2083 2324 2189 2380 cet.

283 2421 315 2483 δ
378 2421 566 2506 ipso
614 2423 946 2486 nomine
994 2425 1508 2488 temerarius
1553 2425 2048 2508 priusquam
2096 2429 2202 2486 cet.

277 2748 336 2822 Φ
374 2635 717 2807 fffnlileqrar·
788 2741 903 2807 illa
1020 2763 1295 2827 quorum
1434 2722 1819 2828 sanguinem
1887 2756 1972 2791 -·--
2014 2739 2108 2805 he
2177 2705 2444 2805 lacrime
2534 2762 2676 2826 pro-

376 2863 486 2928 fol.
538 2863 624 2928 60
668 2886 721 2929 r.

278 2969 314 3032 ὃ
381 2968 735 3033 uulnera
778 2969 937 3035 illa
984 2991 1334 3055 quorum
1382 2973 1885 3056 sanguinem
1933 2975 2074 3033 tue
2119 2968 2469 3033 lacrimo
2511 2990 2676 3053 pro-

275 3082 339 3151 φ
431 3074 715 3139 luerunt.
811 3074 955 3140 Non
1046 3083 1197 3139 sunt
1288 3082 1423 3141 tota
1538 3076 1832 3140 dentium
1944 3055 2228 3140 ’uulnera
2343 3074 2452 3139 sed
2543 3073 2677 3139 lan-

276 3182 314 3243 3
383 3178 763 3244 luerunt.
832 3202 985 3245 non
1033 3187 1229 3245 sunt
1271 3186 1452 3245 tota
1498 3182 1880 3245 dentium
1927 3180 2283 3245 uulnera
2328 3180 2467 3244 sed
2512 3180 2676 3243 lan-

282 3294 341 3362 Φ
388 3304 496 3348 cea
578 3283 740 3348 mali
874 3284 1153 3349 tharsilli
1265 3307 1370 3350 me
1440 3286 1561 3350 tibi
1652 3285 1805 3349 fecit
1920 3284 2224 3350 alienum.
2337 3282 2430 3348 Et
2489 3282 2680 3348 addi-

282 3388 317 3451 δ
382 3409 519 3454 cea
562 3388 767 3452 mali
813 3389 1205 3453 thassilli
1252 3411 1371 3455 me
1418 3390 1584 3455 tibi
1632 3390 1842 3455 fecit
1888 3390 2278 3455 alienum.
2327 3389 2428 3453 Et
2475 3388 2678 3453 addi-

282 3502 341 3574 φ
392 3494 488 3557 dit
608 3499 817 3559 cetera
954 3515 1338 3579 omnemque
1452 3516 1707 3559 scenam
1846 3495 2101 3560 sceleris
2259 3494 2630 3559 inluminat.

282 3600 319 3663 δ
384 3598 504 3663 dit
566 3604 849 3663 cetera
897 3620 1383 3686 omnemque
1432 3621 1750 3665 scenam
1803 3600 2154 3665 sceleris
2199 3599 2669 3664 illuminat.

279 3710 337 3781 Φ
390 3702 488 3767 At
554 3701 669 3766 illa
1121 3711 1198 3768 ut
1282 3708 1569 3790 primum
1662 3711 1868 3770 mesta
1998 3687 2330 3792 quieuer'at
2464 3705 2649 3770 thoro

281 3808 316 3872 δ
382 3809 485 3871 At
529 3806 692 3871 illa
732 3810 1081 3874 audiens
1118 3816 1209 3873 ut
1245 3813 1607 3895 primum
1645 3818 1909 3876 mesta
1952 3814 2403 3895 quieuerat
2443 3812 2695 3881 thoro,

280 3919 337 3989 Φ
412 3909 669 3976 faciem
776 3912 1121 3994 impressa
1191 3936 1357 3979 nunc
1449 3916 1770 3981 dormiens
1929 3916 2212 3981 lacrimis
2371 3932 2678 3981 emanan-

196 4066 241 4081 ..
280 4018 314 4081 δ
389 4016 695 4081 faciem
740 4020 1161 4102 impressa
1205 4042 1366 4084 non
1413 4022 1840 4086 dormiens
1876 4021 2268 4086 lacrimis
2308 4042 2674 4087 emanen-

348 4260 408 4319 1)
443 4259 767 4309 Crassior-ibus
803 4259 982 4308 litteris
1016 4260 1293 4309 indicantur
1326 4246 1670 4325 supplementa.

344 4340 407 4403 Β)
443 4339 496 4388 ἐκ
526 4345 713 4402 pectore
747 4341 1082 4405 superscripsit
1116 4342 1283 4392 endem
1317 4356 1486 4391 manus
1512 4358 1633 4405 quae
1663 4342 1856 4392 lacunas
1887 4342 2126 4407 expleuit,
2155 4359 2276 4407 quae
2295 4345 2459 4393 eadem
2477 4344 2677 4395 lineolae

272 4423 370 4473 sub
406 4439 488 4471 ma
522 4424 571 4470 et
602 4422 860 4486 inspectore
892 4423 1067 4487 posuit.

349 4504 411 4567 3)
442 4500 524 4557 ’ᾶῖ
556 4503 660 4552 add.
697 4520 863 4553 manus
896 4504 1169 4568 expleturis.
