3351 5463
1262 419 1761 470 Amsrormns.
2572 404 2703 471 333

322 631 365 661 „
374 583 627 648 endlich
687 582 921 670 langen
984 580 1219 649 Versen
1265 583 1610 650 bestanden
1628 633 1645 662 ,
1695 584 1995 650 wahrend
2041 584 2143 650 die
2190 584 2380 651 Verse
2427 586 2537 651 der
2581 586 2708 652 Eu-

321 689 801 773 „ripideischen
861 689 1023 765 μέλη
1088 691 1280 754 1116181
1343 689 1490 755 sehr
1549 689 1708 754 kurz
1763 689 1973 767 sind’',
2022 696 2141 756 etc.
2195 729 2277 740 —
2325 691 2453 757 Hic
2499 695 2708 757 nescio

317 815 458 880 quo
520 797 807 879 primum
852 815 957 873 me
1003 800 1274 861 vertam.
1331 795 1531 860 Mitto
1576 815 1747 859 nunc
1792 795 2120 880 Euripidis
2167 796 2316 862 illos
2362 797 2711 863 versiculos

314 902 741 966 brevissimos
788 904 854 965 et
894 900 1269 987 praelongos
1307 921 1530 967 versus
1572 900 1876 986 Aeschyli
1893 948 1909 978 ‚
1953 921 2343 986 quamquam
2382 902 2712 987 Euripidis

320 1008 580 1071 cantica
629 1009 723 1071 ita
768 1011 1036 1090 possunt
1082 1007 1382 1071 distribui
1430 1013 1505 1070 111
1549 1009 1703 1071 86116
1747 1006 1928 1092 longi
1977 1007 2282 1072 versiculi
2327 1008 2474 1074 inde
2520 1008 2676 1074 fiant
2695 1056 2711 1086 ,

319 1111 641 1197 Aeschyli
677 1117 898 1176 autem
935 1114 1048 1195 qui
1083 1112 1206 1176 hoc
1250 1111 1387 1176 loco
1435 1111 1785 1177 afferuntur
1833 1133 2056 1178 versus
2103 1116 2372 1179 minime
2418 1114 2711 1179 insolitae

318 1222 486 1282 sunt
544 1217 1011 1302 magnitudinis
1028 1264 1045 1294 ,
1099 1253 1186 1265 —
1233 1223 1299 1282 at
1356 1218 1798 1282 restiariorum
1859 1220 2103 1282 cantica
2149 1220 2424 1284 restibus
2472 1219 2711 1284 similia

318 1341 469 1387 esse
523 1324 693 1406 ipsa,
758 1343 793 1386 6
851 1322 1139 1387 versibus
1198 1324 1403 1408 igitur
1462 1322 1822 1408 praelongis
1882 1328 2167 1388 constare
2214 1323 2321 1389 vel
2366 1324 2712 1412 praelonga

320 1449 468 1493 esse
528 1432 695 1505 tota,
776 1430 919 1512 quis
977 1429 1237 1494 tandem
1281 1426 1615 1512 perhibet?
1662 1427 1749 1492 Et
1797 1428 1872 1493 de
1918 1430 2228 1494 restiariis
2275 1432 2419 1515 quis
2467 1435 2716 1515 praeter

318 1531 666 1598 hodiernos
725 1535 1103 1618 interpretes
1166 1534 1271 1598 hic
1327 1531 1657 1618 loquitur?
1716 1533 1861 1598 Non
1909 1537 2081 1599 enim
2111 1535 2291 1620 facit
2336 1539 2561 1602 restim
2607 1536 2716 1602 sed

323 1640 541 1702 ductat
584 1641 686 1704 vir
732 1637 1213 1719 ἱμονιοστρόφος.
1262 1638 1487 1728 Res-tes
1533 1644 1753 1703 autem
1801 1661 1880 1704 ex
1925 1640 2160 1718 herba,
2211 1643 2316 1705 cui
2357 1641 2568 1722 φλὲως
2607 1640 2716 1708 vel
2750 1681 2753 1683 -

320 1743 578 1822 Φλόμος
638 1765 870 1808 nomen
931 1748 1102 1821 erat,
1167 1763 1454 1828 unquam
1516 1764 1651 1808 esse
1717 1743 2031 1808 confectas
2077 1744 2247 1810 unde
2295 1745 2486 1811 habet
2529 1745 2716 1812 Kock

324 1848 441 1916 vel
478 1847 798 1914 Fritzsche
844 1846 950 1914 vel
996 1851 1285 1934 quisquis
1325 1850 1573 1933 primus
1610 1849 1679 1912 id
1715 1847 2084 1932 perhibuit?
2128 1850 2370 1926 ἱμονίας
2397 1854 2566 1916 06116
2588 1873 2716 1916 11011
2820 1883 2826 1889 ·

322 1960 612 2040 sparteas
658 1955 766 2020 sed
812 1976 846 2020 e
882 1955 1034 2020 loris
1071 1955 1385 2020 confectas
1423 1955 1619 2020 fuisse
1657 1956 1876 2040 ipsum
1915 1976 2148 2019 nomen
2185 1955 2444 2020 indicat.
2494 1957 2714 2042 Apage
2785 1989 2788 1992 ⁴

326 2081 559 2146 aegrae
619 2063 855 2125 mentis
916 2063 1269 2137 insomnia,
1330 2080 1479 2144 prae
1528 2060 1760 2144 quibus
1804 2061 2105 2125 innocens
2151 2060 2281 2125 fere
2330 2067 2394 2125 61
2439 2051 2716 2146 prudens

326 2165 595 2230 videtur
677 2164 1051 2230 scholiastae
1118 2166 1475 2230 observatio
1543 2163 1693 2242 illa,
1765 2165 1932 2230 unde
2004 2166 2156 2231 11660
2224 2169 2440 2232 01111116
2509 2170 2716 2232 invita

328 2269 631 2336 Minerva
678 2273 996 2356 originem
1044 2276 1365 2355 ceperunt.
1414 2270 1499 2334 Et
1543 2275 1762 2334 tamen
1809 2269 2288 2355 simplicissima
2333 2278 2485 2338 sunt
2520 2273 2716 2338 verba

328 2374 641 2463 Dionysi:
709 2377 1153 2458 „Phlattothrat
1212 2375 1379 2439 istud
1436 2375 1587 2459 quid
1646 2383 1736 2438 0οὐ
1753 2376 1789 2438 ,9
1852 2399 1882 2438 0
1930 2377 2294 2440 Marathone
2338 2400 2419 2440 an
2467 2377 2714 2440 aliunde

326 2483 511 2545 habes
577 2483 851 2546 molesta-5
906 2483 1057 2546 istas
1114 2480 1514 2558 cantilenas’',
1595 2517 1681 2530 —
1733 2480 1950 2565 quales
2016 2485 2168 2545 sunt
2228 2483 2569 2546 hominum
2635 2482 2710 2548 de

328 2585 517 2672 plebe
536 2635 553 2665 ,
613 2590 682 2652 in
734 2609 920 2672 opere
987 2587 1291 2651 diuturno
1311 2633 1328 2663 ,
1394 2583 1566 2669 quod
1628 2606 1833 2669 neque
1898 2588 2176 2669 corporis
2223 2607 2427 2670 neque
2475 2590 2712 2652 mentis

328 2691 731 2779 singularem
791 2692 1074 2779 aliquam
1134 2691 1539 2757 habilitatem
1584 2690 1692 2757 vel
1739 2693 2040 2776 peritiam
2088 2694 2405 2777 requirat,
2455 2713 2718 2777 occupa-

328 2805 573 2864 torum.
621 2797 799 2863 Idem
844 2801 1054 2885 igitur
1100 2798 1206 2862 hic
1252 2796 1468 2863 valent
1514 2796 1867 2862 cantilenae
1914 2799 2040 2862 viri
2059 2845 2075 2875 ,
2125 2800 2237 2881 qui
2275 2802 2501 2863 restim
2520 2801 2716 2883 putei

332 2903 557 2969 ductat
612 2906 883 2987 (ἀκμᾷ),
948 2908 1139 2988 atque
1198 2903 1369 2968 Nub.
1425 2900 1597 2967 1358
1664 2905 1928 2979 „neniae
1976 2902 2261 2968 aniculae
2309 2904 2548 2969 hordea
2592 2909 2717 2969 tor-

330 3008 600 3074 rentis'’.
650 3010 985 3073 Marathon
1030 3014 1249 3073 autem
1296 3029 1447 3072 cum
1490 3010 1659 3072 inter
1699 3006 1973 3075 Graecos
1991 3056 2007 3086 ‚
2048 3012 2252 3073 immo
2287 3011 2456 3073 inter
2495 3008 2716 3075 cultio-

330 3136 434 3179 res
489 3115 779 3179 homines
842 3112 1158 3200 quoslibet
1218 3120 1776 3191 commemoratur,
1838 3134 2041 3197 usque
2089 3112 2168 3177 ad
2211 3113 2332 3178 hoc
2380 3134 2506 3197 quo
2554 3116 2715 3179 vivi-

330 3230 489 3283 mus·
550 3224 805 3305 tempus
872 3218 1037 3283 nihil
1106 3216 1282 3283 aliud
1348 3220 1674 3302 cogitatur
1737 3222 1852 3281 aut
1915 3220 2186 3303 cogitari
2247 3223 2458 3302 potest
2519 3239 2713 3302 quam

331 3324 662 3410 splendida
728 3325 842 3390 illa
909 3326 1177 3391 victoria
1244 3324 1320 3389 de
1389 3324 1601 3387 Persis
1668 3321 1806 3387 illic
1875 3321 2033 3387 olim
2102 3326 2422 3407 reportata
2437 3343 2454 3401 3
2539 3326 2715 3388 iunci

332 3430 549 3515 quales
602 3432 696 3495 ibi
743 3435 1091 3496 crescerent
1134 3432 1322 3515 pauci
1376 3430 1599 3513 opinor
1645 3428 1930 3492 sciebant
1975 3433 2087 3492 aut
2131 3430 2290 3493 scire
2337 3428 2676 3513 cupiebant
2694 3476 2711 3506 ,

334 3536 445 3601 sed
513 3540 720 3621 ipsam
790 3534 1093 3603 Graeciae
1151 3534 1519 3600 libertatem
1577 3531 1725 3597 inde
1789 3535 2178 3618 procrevisse
2198 3581 2215 3611 ,
2280 3532 2349 3597 id
2409 3554 2487 3597 ne
2531 3535 2716 3617 pueri

334 3640 595 3726 quidem
636 3644 707 3706 in
748 3641 1052 3706 ludorum
1090 3639 1417 3705 subselliis
1455 3638 1854 3725 ignorabant.
1907 3638 2266 3725 Aeschylus
2306 3644 2524 3703 autem
2543 3686 2560 3716 ,
2603 3641 2714 3723 qui

334 3750 503 3812 inter
560 3746 1199 3812 marathonomachos
1250 3745 1458 3809 fuerat
1501 3746 1674 3829 ipse,
1727 3746 1912 3808 cuius
1958 3746 2273 3810 virtutem
2321 3745 2713 3823 Μαραθώνιον

332 3852 528 3924 ἄλσος
567 3850 642 3917 ἂν
685 3851 869 3930 εἴποι,
914 3854 1129 3916 minus
1169 3853 1367 3945 etiam
1409 3870 1603 3934 quam
1628 3848 1791 3914 alius
1817 3852 2159 3934 quisquam
2183 3850 2473 3915 dubitare
2499 3854 2715 3935 potuit

332 3958 488 4043 quid
506 3960 628 4024 sibi
649 3957 891 4023 vellent
913 3956 1184 4044 Dionysi
1206 3956 1400 4021 verba
1426 3959 1758 4033 „essentne
1785 3975 1818 4018 e
1843 3953 2223 4020 Marathone
2252 3954 2545 4019 desumta
2570 3958 2708 4021 eius

333 4064 623 4130 cantica”
665 4067 971 4151 rogantis.
1019 4112 1049 4141 ‚,
1061 4062 1395 4126 Barbarum
1430 4060 2025 4142 istudphlattothrat
2067 4061 2127 4123 P
2138 4061 2404 4124 ersisn
2424 4084 2455 4124 0
2491 4062 2660 4125 debes
2679 4062 2714 4126 ?

338 4192 459 4253 „an
498 4169 748 4233 aliunde
788 4168 1020 4233 duxisti
1058 4168 1291 4231 cantica
1330 4166 1452 4229 ista
1492 4166 1683 4229 taedia·
1708 4166 1901 4247 plena
1939 4173 1995 4229 et
2036 4166 2166 4229 sine
2187 4165 2322 4229 nlla
2346 4188 2713 4230 numerorum

334 4276 669 4355 „varietate
690 4276 1070 4338 decurrentia
1081 4272 1157 4336 ?'’
1198 4309 1281 4321 —
1325 4270 1448 4339 Oui
1473 4269 1833 4356 Aeschylus
1858 4270 2230 4355 respondet:
2261 4271 2473 4347 „immo
2497 4294 2712 4335 summo

336 4382 609 4465 „artifici
630 4430 647 4459 ,
690 4382 795 4467 qni
832 4380 991 4443 inter
1020 4381 1273 4443 Graeco-9
1297 4376 1577 4441 laudibus
1602 4376 1746 4439 olim
1771 4376 2258 4463 celebrata-afuit
2281 4377 2710 4459 (Terpandro)‚

333 4494 620 4570 „accepta
670 4509 741 4551 ea
788 4485 1057 4571 refer-0⁹2
