3351 5463
705 349 792 414 58
1561 366 2207 414 onsnnvnvrmncumn

702 553 853 596 nem
872 579 888 608 ‚
929 535 1244 616 quantum
1283 532 1360 595 ob
1387 551 1529 594 cam
1553 551 1694 594 rem
1717 551 1995 615 aequum
2017 531 2362 609 videbitur,
2387 532 2571 596 velut
2594 535 2981 597 iniuriarum
3012 532 3082 612 ¹),

705 635 1024 722 sepulchri
1071 635 1297 700 violati
1321 636 1395 716 2),
1447 636 1522 700 de
1569 635 1781 700 effusis
1828 641 1894 700 et
1942 638 2158 701 eiectis
2207 657 2283 700 ex
2322 635 2608 701 clausula
2650 638 2721 700 si
2766 661 2803 700 v
2820 639 2897 700 iv
2914 646 2986 701 et
3012 636 3083 718 ³),

703 747 770 807 et
829 763 990 827 quae
1037 743 1226 806 datur
1269 744 1338 805 in
1380 742 1660 805 iudicem
1710 743 1788 806 ob
1836 741 1904 806 id
1951 742 2118 826 quod
2162 741 2351 806 litem
2398 763 2583 807 suam
2629 744 2851 809 fecerit
2875 742 2948 825 ⁴).
3012 744 3089 808 Id

699 850 872 913 enim
890 896 907 925 ,
970 847 1137 932 quod
1194 847 1263 909 in
1322 848 1529 910 bonum
1592 854 1650 910 et
1712 869 1959 932 aequwm
2020 853 2411 930 conceptmm)
2462 849 2605 928 (8th
2624 898 2639 924 ,
2688 850 2889 914 bonae
2936 849 3086 915 fidei

697 953 955 1018 iudiciis
1025 958 1195 1017 recte
1255 953 1562 1029 adscribi,
1624 952 1809 1017 docet
1871 950 2073 1018 Gaius
2133 956 2203 1016 in
2263 956 2359 1018 rei
2424 958 2686 1019 uxoriae
2735 957 2984 1020 actione
3007 959 3084 1036 5).

700 1060 991 1144 Depositi
1039 1080 1285 1144 quoque
1333 1058 1436 1124 vel
1483 1059 1773 1123 commod
1784 1062 1875 1123 ati
1919 1062 1989 1122 in
2036 1060 2278 1123 factum
2325 1063 2492 1128 actio
2531 1061 2731 1125 bonae
2768 1060 2919 1125 fidei
2955 1068 3053 1126 est
3069 1110 3085 1139 ,

696 1165 848 1230 licet
909 1186 1035 1229 non
1097 1165 1328 1229 habeat
1371 1165 1567 1229 verba
1626 1187 1713 1227 ea·
1774 1165 1970 1228 bona
2016 1165 2250 1250 fide,
2316 1168 2467 1250 quia
2512 1169 2601 1231 sic
2646 1166 2894 1252 placuit
2940 1189 3089 1252 pru-

700 1272 997 1336 dentibus
1021 1271 1094 1350 ιι).
1166 1270 1341 1335 Adeo
1402 1292 1530 1335 non
1550 1319 1566 1348 ,
1631 1271 1802 1355 quod
1857 1275 2047 1354 putat
2104 1268 2507 1336 Gradenwitz
2529 1321 2543 1345 ,
2603 1293 2827 1337 earum
2866 1293 3086 1337 rerum

701 1375 1012 1442 naturalis
1057 1379 1228 1440 inter
1273 1397 1338 1440 se
1384 1397 1603 1461 pugna
1650 1381 1749 1440 est
1773 1381 1846 1454 ⁷).
1896 1375 2281 1442 Funerariae
2326 1377 2596 1461 denique
2641 1380 2910 1442 actionis
2956 1399 3086 1442 non

702 1487 802 1547 est
848 1482 1154 1567 ambigua
1201 1489 1430 1546 natura
1452 1481 1528 1562 ⁸).

1778 1957 2008 2024 LXVI.

1514 2159 1847 2206 RRPR'H'I'IO
1897 2158 2290 2217 Quo'rm’mx.

794 2340 919 2404 Res
979 2341 1330 2424 repetimus
1351 2387 1366 2417 ,
1429 2344 1505 2403 ut
1563 2338 1810 2403 Ennius
1872 2341 1966 2403 ait
1983 2386 2000 2416 ‚
2047 2337 2158 2404 vel
2200 2341 2341 2402 iure
2384 2337 2490 2404 vel
2518 2341 2740 2424 fero-03
2787 2341 2929 2404 iure
2977 2345 3090 2405 aut

707 2446 966 2532 publico
1031 2450 1144 2510 aut
1209 2448 1479 2531 privato.
1542 2444 1712 2509 Nam
1730 2493 1745 2523 ,
1811 2446 1982 2529 quod
2044 2445 2320 2510 declarat
2382 2442 2603 2511 Cicero
2621 2493 2637 2521 ‚
2688 2445 2914 2508 civibus
2962 2469 3088 2509 cum

703 2560 844 2616 sunt
892 2559 1130 2634 ereptae
1163 2553 1462 2634 pecuniae
1507 2551 1679 2614 civia·
1708 2551 1862 2636 fere
1908 2551 2139 2614 actione
2186 2558 2244 2614 et
2276 2552 2612 2633 privato
2658 2552 2837 2613 iure
2882 2573 3017 2633 rep
3036 2575 3090 2614 e—

705 2665 990 2722 tantur
1031 2660 1104 2739 ⁹),
1177 2661 1335 2723 socii
1393 2639 1654 2745 publico
1714 2663 2012 2743 repetunt
2073 2656 2331 2721 iudicio.
2405 2655 2587 2736 Quod
2649 2662 2745 2720 est
2808 2655 3085 2742 duplex,

701 2787 854 2857 nam
917 2766 1107 2830 datur
1165 2764 1605 2850 principaliter
1663 2765 1734 2827 in
1794 2784 1945 2829 eum
1964 2812 1980 2840 ‚
2046 2766 2158 2848 qui
2202 2765 2271 2827 in
2316 2767 2703 2849 magistratu
2748 2767 3089 2848 pecuniam

701 2873 967 2957 ceperim
1031 2874 1130 2934 sin
1189 2871 1266 2935 ab
1313 2870 1433 2935 hoc
1478 2870 1778 2935 damnato
1825 2872 2065 2934 servari
2113 2890 2237 2933 non
2284 2872 2565 2953 potuerit
2582 2918 2598 2945 ,
2649 2868 2727 2934 ad
2774 2890 2882 2933 eos
2928 2872 3084 2947 itur,

651 2955 659 2963 ’
701 2978 784 3040 ad
843 2998 985 3061 quos
1046 2998 1117 3038 ea
1165 2975 1430 3057 pecunia
1495 3024 1508 3039 .
1541 3024 1554 3039 .
1588 3024 1601 3040 .
1633 3024 1646 3039 .
1702 2975 2051 3057 pervenerit
2082 2971 2178 3054 ¹⁰).
2242 2974 2601 3060 Principale
2645 2974 2961 3039 iudicium
3009 2996 3087 3040 ex

700 3085 953 3167 privato
998 3084 1137 3147 iure
1184 3084 1434 3148 venisse
1452 3131 1468 3160 ,
1518 3081 2004 3168 appendiculam
2051 3086 2267 3145 contra
2312 3083 2474 3145 iuris
2522 3080 2734 3148 civilis
2772 3083 3087 3145 rationem

773 3332 823 3394 ι)
869 3331 921 3379 L.
963 3329 1022 3382 17
1060 3331 1131 3392 §2
1169 3331 1226 3378 D.
1261 3329 1342 3381 47.
1368 3330 1429 3376 10
1476 3327 1552 3391 (ef.
1591 3327 1697 3375 Gai.
1732 3325 1816 3375 111
1851 3325 2017 3388 §2243
2069 3328 2099 3375 1.
2138 3327 2201 3374 34
2236 3342 2312 3390 pr.
2352 3328 2407 3375 o.
2444 3323 2602 3383 44.7;
2654 3323 2687 3373 1.
2727 3325 2786 3373 11
2828 3325 2917 3386 51,
2952 3324 2986 3373 1.
3024 3326 3086 3374 18

701 3428 774 3477 pr.
812 3414 870 3462 D.
904 3411 987 3463 47.
1009 3413 1108 3472 10).

770 3494 824 3556 2)
856 3495 912 3543 L.
949 3496 979 3542 3
1013 3510 1087 3558 pr.
1123 3496 1182 3542 D.
1217 3492 1298 3546 47.
1324 3494 1402 3542 12.

769 3579 819 3638 Β)
864 3580 885 3638 ς
917 3579 945 3625 1
997 3577 1118 3626 Inst.
1170 3574 1252 3625 IV.
1291 3579 1344 3633 ὃς
1394 3575 1428 3623 l.
1468 3576 1494 3623 1
1539 3590 1614 3639 pr.
1666 3575 1724 3623 D.
1761 3573 1808 3621 9.
1829 3574 1874 3621 3.
1923 3571 2112 3622 Similis
2146 3574 2216 3620 est
2248 3570 2373 3620 actio
2408 3586 2551 3635 quam
2584 3570 2878 3635 promittunt
2912 3572 3087 3621 aediles

703 3658 736 3706 l.
771 3658 837 3707 42
877 3660 931 3706 D.
965 3658 1046 3707 21.
1069 3658 1112 3706 1.

767 3741 820 3799 4)
855 3754 928 3804 pr.
972 3740 1086 3788 [nst.
1125 3739 1214 3788 IV.
1254 3740 1308 3797 ὃς
1346 3740 1377 3787 l.
1416 3738 1446 3786 ὃ
1486 3739 1543 3785 D.
1585 3738 1764 3787 50.13.

770 3821 824 3884 5)
861 3819 969 3868 Gai.
1002 3819 1073 3868 IV
1112 3820 1218 3880 §62
1253 3819 1332 3879 (ia.
1373 3819 1404 3867 l.
1442 3819 1472 3867 8
1508 3820 1567 3866 D.
1602 3820 1649 3866 4.
1673 3819 1737 3877 5).

765 3903 822 3966 ὃ)
868 3904 938 3950 De
987 3902 1190 3967 depositi
1237 3902 1287 3950 in
1331 3902 1513 3950 factum
1547 3901 1733 3949 actione
1767 3900 1827 3949 cf.
1870 3898 2113 3956 Wlaesak,
2148 3914 2236 3947 zur
2274 3898 2433 3947 oxole.
2469 3900 2555 3948 der
2586 3914 2686 3962 uoq.
2717 3900 2897 3963 aestio,
2938 3900 3084 3960 1879,

697 4002 744 4050 p.
782 3985 813 4032 8
849 3985 932 4044 (ad
967 3984 998 4032 l.
1038 3984 1064 4031 1
1101 3985 1200 4045 §23
1239 3986 1294 4032 D.
1333 3984 1411 4032 16.
1433 3983 1515 4041 3);
1550 3984 1607 4031 de
1641 3981 1930 4031 commodati
1965 3980 2016 4029 in
2052 3981 2230 4029 factum
2260 3981 2447 4030 actione
2473 3980 2647 4040 Laud,
2678 3980 3084 4046 malicum.

696 4083 742 4131 p.
783 4066 881 4115 200
916 4065 996 4125 (ad
1031 4064 1065 4113 l.
1102 4066 1132 4112 3
1166 4065 1237 4126 §2
1278 4066 1333 4114 D.
1374 4064 1558 4124 13.6).·
2334 4130 2341 4140 1

761 4145 816 4211 7)
859 4146 1004 4195 ‚Eine
1039 4146 1248 4194 formula
1282 4145 1332 4193 in
1365 4145 1545 4193 factum
1579 4146 1807 4208 concepta
1839 4145 2014 4192 konnto
2046 4143 2171 4193 auch
2206 4142 2344 4191 nicht
2378 4143 2557 4192 einmal
2585 4143 2972 4207 mb‘qlt'cherwoioo
3003 4144 3079 4194 ein

685 4230 830 4279 bonae
869 4228 978 4277 fidei
1012 4227 1246 4276 iudicium
1278 4224 1575 4290 δορὶ-ἅπασί*
1609 4224 2041 4289 (Interpolationen
2076 4241 2124 4289 p.
2165 4223 2302 4288 107).
2338 4224 2411 4273 Cf.
2448 4225 2597 4275 otiam
2620 4226 2651 4275 l.
2675 4226 2737 4273 18
2755 4241 2828 4290 pr.
2852 4226 3082 4276 D.21.1.

763 4311 817 4374 8)
853 4311 905 4359 1..
946 4310 1010 4357 14
1045 4309 1149 4370 §13
1188 4309 1248 4355 D.
1286 4309 1365 4356 11.
1388 4307 1433 4357 7.

767 4392 816 4454 9)
850 4391 948 4440 Cic.
987 4390 1095 4438 Div,
1131 4390 1182 4438 in
1217 4390 1277 4452 Q.
1315 4389 1452 4437 Caec.
1493 4394 1520 4437 5
1555 4389 1860 4450 §18;.Ve'rr.
1901 4389 1970 4438 11.
2009 4389 2107 4439 2.ss
2143 4389 2265 4450 515,
2303 4388 2380 4435 16.

777 4474 856 4534 [0)
891 4472 984 4521 Cic.
1023 4485 1113 4535 pro
1147 4468 1265 4518 Rab.
1302 4469 1436 4518 Post.
1472 4470 1506 4516 4
1545 4470 1632 4531 §8-
