3351 5463
1260 379 1620 434 mnemon.
2516 362 2645 435 125

374 551 423 615 1.
451 550 508 615 3.
535 550 643 615 21.
708 546 1021 635 Legimus
1082 550 1269 613 initio
1316 551 1542 633 capitis
1590 549 1786 612 huius
1833 550 2011 613 tertii
2057 548 2299 613 milites
2345 549 2644 635 progredi

286 656 571 733 noluisse3
627 656 1101 719 ὑπώπτευον
1143 655 1270 734 γὰρ
1314 652 1421 728 ἤδη
1467 655 1565 717 ἐπὶ
1606 653 1886 730 βασιλέα
1928 655 2101 718 ἰέναι.
2151 654 2393 719 Deinde
2431 661 2646 719 narrat

285 762 614 847 Xenophon
662 761 898 846 quibus
947 759 1107 823 dolis
1155 761 1257 822 usi
1305 756 1647 825 Clearchus
1694 764 1757 823 et
1807 757 2016 844 Cyrus
2063 763 2489 844 persuaserint
2528 762 2647 823 mi-

285 866 483 943 litibus
544 871 618 930 ut
676 870 929 930 mutato
991 863 1254 930 consilio
1318 885 1382 928 se
1430 870 1847 948 sequerentur
1861 884 1878 941 5
1931 864 2170 929 scilicet
2218 864 2642 930 Abrocomam

286 972 405 1055 peti
458 976 519 1035 et
577 970 977 1056 Euphratem
993 989 1010 1047 3
1078 990 1204 1053 qua
1265 990 1332 1033 re
1394 968 1614 1033 audita
1657 968 1978 1033 militibus
2029 971 2126 1032 ὑπ
2145 993 2172 1032 o
2191 976 2242 1047 ψ
2263 970 2287 1033 ί
2303 994 2346 1033 α
2395 972 2508 1045 μὲν
2559 965 2643 1040 ἦν

288 1074 458 1153 (ἔτι)
520 1071 608 1140 ὅτι
673 1073 818 1152 ἄγοι
882 1076 1031 1153 πρὸς
1090 1073 1409 1152 βασιλέα,
1475 1070 1637 1148 ὅμως
1700 1075 1752 1138 δ’
1801 1073 1986 1139 ἐδόκει
2051 1071 2324 1138 ἕπεο-θαι.
2394 1072 2642 1138 Inserui

282 1180 431 1263 quod
472 1181 635 1244 mihi
680 1180 937 1246 videtur
982 1179 1322 1257 excidiss03
1376 1180 1558 1243 cuius
1604 1181 1886 1243 iacturae
1933 1200 2120 1243 causa
2167 1185 2447 1264 apparet.

366 1394 419 1459 2.
446 1394 506 1459 4.
540 1395 642 1460 10.
694 1397 961 1461 Ariaeus
1000 1401 1205 1461 castra
1227 1395 1656 1481 coniungebat
1680 1416 1829 1459 cum
1853 1394 2271 1479 Tissapherne
2295 1401 2359 1459 et
2383 1394 2639 1461 Oronta.

288 1501 360 1563 Οἱ
414 1500 464 1565 δ’
518 1498 825 1575 Ἕλληνες
889 1502 1337 1580 ὑφορῶντες
1402 1501 1649 1570 τούτους
1716 1500 1890 1563 αὑτοὶ
1954 1500 2057 1579 ἐφ’
2107 1500 2642 1580 ἑαυτῶνὲχώρουν

284 1620 407 1668 κτλ.
448 1606 671 1691 1100110
720 1608 994 1690 suspicio
1041 1607 1174 1669 iam
1217 1609 1315 1669 est
1362 1609 1518 1669 orta.
1569 1603 1694 1669 Sed
1743 1625 1867 1668 non
1915 1609 2051 1668 erat
2097 1604 2218 1669 hoc
2247 1608 2453 1679 ,satist
2496 1606 2642 1683 ἔφυ-

282 1710 561 1775 λοὶττοντο
634 1712 685 1774 δ’
750 1712 1091 1790 ἀμφότεροι
1156 1708 1356 1789 ὥσπερ
1419 1711 1752 1783 πολεμίους
1817 1711 2164 1785 ἀλλήλους,
2228 1711 2331 1772 καὶ
2406 1710 2638 1783 εὐθὺς

282 1819 437 1879 τοῦτο
486 1816 756 1894 ὑποψίαν
806 1823 1129 1896 παρεῖχεν.
1179 1813 1346 1893 Quid
1391 1816 1497 1878 hic
1544 1815 1669 1878 sibi
1714 1813 1860 1879 Vult
1906 1812 2124 1885 εὑθύςῖ
2185 1814 2333 1879 Non
2379 1817 2638 1893 statim,

282 1921 501 2003 opinor,
564 1922 775 1984 cautio
834 1919 947 1984 illa
1001 1922 1429 2004 suspicionem
1476 1922 1758 2003 peperit,
1811 1918 1922 1983 sed
1966 1940 2044 1983 ex
2091 1921 2445 2003 suspicione
2493 1925 2642 1983 nata

277 2026 400 2108 ipsa
444 2048 655 2088 rursus
718 2028 897 2089 auxit
942 2028 1373 2109 suspicionem
1392 2073 1407 2101 ‚
1460 2024 2000 2108 quemadmodum
2049 2026 2224 2088 rixae
2274 2029 2338 2088 et
2385 2024 2638 2109 colaphi

278 2130 548 2196 inimicos
614 2133 861 2196 animos
921 2131 1265 2196 reddebant
1330 2133 1741 2195 inimiciores.
1803 2132 1927 2195 Pro
1990 2132 2164 2200 εὐθύς
2211 2132 2418 2215 igitur
2465 2151 2639 2215 repo-

280 2236 537 2301 nendum
585 2236 800 2302 iudico
848 2232 1115 2313 αὖθις,
1164 2238 1284 2301 hoc
1330 2241 1549 2301 autem
1596 2245 1743 2321 post
1791 2242 1968 2301 τοῦτο
2017 2233 2477 2302 collocandum.

359 2438 414 2501 2.
442 2437 499 2502 5.
533 2438 640 2503 18.
687 2440 753 2501 ού
803 2443 1081 2502 τοσαῦτα
1131 2438 1243 2512 μὲν
1293 2436 1498 2515 πεδία,
1549 2428 1592 2501 ἃ
1642 2438 1819 2508 ὑμεῖς
1860 2438 2050 2512 Φίλια
2089 2434 2235 2501 ὄντα
2276 2436 2384 2500 σὺν
2427 2436 2634 2516 πολλῷ

281 2541 419 2623 πόνῳ
479 2543 967 2621 διαπορεύεσθε,
1034 2547 1311 2607 τοο-αὔτα
1379 2542 1430 2605 δ’
1477 2542 1573 2622 ὅρη
1642 2544 1782 2617 ὑμῖν
1851 2543 2028 2618 ὁρᾶτε
2076 2540 2222 2604 ὄντα
2271 2542 2633 2619 ὑπερβατέα

280 2663 404 2710 κτλ.
422 2668 437 2723 ;
476 2648 655 2712 Itane
691 2648 883 2713 vero?
922 2648 1141 2713 Iamne
1184 2636 1413 2714 Graeci
1448 2650 1572 2712 iter
1609 2647 1922 2712 faciebant
1960 2668 2073 2731 per
2109 2645 2254 2710 illas
2296 2643 2636 2731 planities?

278 2750 476 2818 Nonne
516 2755 723 2819 adhuc
763 2755 1177 2818 transeundae
1218 2761 1396 2819 erant
1435 2753 1978 2839 quemadmodum
2017 2758 2266 2826 montes
2307 2758 2372 2816 et
2405 2750 2634 2817 fluvii?

276 2853 569 2940 Equidem
615 2858 919 2923 Praesens
964 2858 1129 2923 illud
1162 2858 1505 2923 Indicativi
1541 2861 1951 2943 interpretari
1990 2879 2232 2943 nequeo
2273 2864 2338 2922 et
2379 2861 2635 2923 omnino

278 2954 357 3022 ἂν
404 3009 417 3026 .
449 3009 463 3026 .
493 3011 506 3026 .
536 3010 551 3027 .
603 2963 1088 3044 διαπορεύοιο-θε
1133 2967 1405 3049 requiro.
1457 2962 1580 3046 (Of.
1628 2964 1795 3028 infra
1842 2963 1920 3028 ad
1959 2963 2018 3028 3.
2049 2963 2110 3030 4.
2138 2963 2271 3045 28).

356 3179 411 3243 3.
442 3179 497 3243 1.
526 3180 633 3246 20.
702 3179 779 3246 In
846 3181 1285 3246 adhortatione
1347 3179 1870 3265 commilitonum
1928 3179 2282 3265 Xenophon
2346 3183 2636 3267 exposita

280 3285 489 3349 misera
547 3306 770 3351 eorum
831 3287 1187 3352 conditione
1233 3287 1481 3352 foedere
1530 3293 1594 3351 et
1642 3288 1782 3351 iure
1825 3287 2092 3352 iurando
2143 3287 2596 3350 obstrictorum
2614 3334 2631 3364 ,

280 3393 443 3452 ταῦτ’
512 3387 630 3469 οὖν,
701 3394 947 3476 inquit,
1036 3389 1425 3470 λογιζόμενος
1496 3392 1780 3468 (τότε)
1853 3392 2098 3454 ε’νιότε
2171 3392 2290 3462 τὰς
2361 3391 2631 3462 σπονδὰς

279 3497 499 3567 μᾶλλον
562 3496 919 3574 ἐφοβούμην
986 3496 1018 3570 ἢ
1069 3502 1197 3560 νῦν
1246 3499 1346 3561 τὸν
1396 3496 1688 3569 πόλεμον.
1736 3496 1982 3561 Iterum
2028 3492 2242 3559 addidi
2287 3495 2457 3580 quod
2503 3517 2630 3560 non

281 3595 746 3684 Xenophontem
806 3600 913 3665 sed
979 3601 1319 3666 librarium
1391 3600 1672 3684 aliquem
1743 3603 2031 3666 omisisse
2099 3601 2263 3664 mihi
2332 3605 2430 3664 est
2494 3621 2631 3685 per-

280 3721 538 3769 suasum.

356 3919 411 3987 3.
443 3921 498 3988 1.
526 3922 637 3989 21.
700 3923 830 3988 ἐπεὶ
894 3923 1135 4003 μέντοι,
1183 3924 1277 3990 ita
1321 3924 1571 4011 pergit,
1623 3925 1833 3990 ε’κεῒνοι
1881 3922 2108 3990 ἔλυσαν
2157 3923 2272 3997 τας
2323 3919 2628 4005 σπονδύς,

278 4026 549 4092 λελύσθαι
626 4052 728 4105 μοι
794 4030 961 4094 δοκεῖ
1026 4033 1059 4105 ἦ
1134 4031 1367 4094 ἐκείνων
1433 4027 1607 4107 ὕβρις
1674 4030 1779 4094 καὶ
1849 4033 1881 4104 ἦ
1951 4031 2217 4107 ἡμετέρα
2291 4032 2626 4108 ὑποψία.

277 4127 437 4207 Quod
482 4133 670 4198 modo
718 4137 974 4220 scripsi:
1024 4135 1462 4220 deploraverat
1500 4133 1856 4221 Xenophon
1896 4138 2200 4201 miseram
2240 4133 2629 4201 Graecorum

276 4242 492 4302 sortem
538 4244 745 4323 quoad
793 4240 1011 4305 foedus
1056 4241 1265 4306 fuerat
1284 4289 1300 4320 ,
1352 4263 1555 4327 neque
1604 4245 1778 4306 enim
1823 4240 2020 4328 regiis
2070 4242 2363 4306 omnium
2411 4244 2627 4307 rerum

279 4343 453 4425 copiis
519 4346 599 4408 iis
667 4344 768 4409 uti
834 4345 1093 4412 licuisse
1162 4348 1287 4411 nisi
1353 4369 1468 4432 per
1537 4346 1930 4432 emptionem
2001 4353 2067 4412 et
2127 4369 2362 4434 paucos
2423 4347 2628 4412 adhuc

280 4442 555 4514 habuisse
594 4451 762 4535 quod
801 4459 1087 4518 emerent
1125 4459 1189 4518 et
1225 4451 1349 4519 0110
1388 4455 1630 4519 10110110
1669 4452 2010 4538 quominus
2051 4456 2297 4520 victum
2335 4460 2630 4540 pararent
