3351 5463
1209 389 1598 440 Anscmos.
2570 371 2653 436 51

273 555 752 642 biirgerlichem
816 553 1250 621 Gemeinsinn.
1314 555 1390 620 In
1434 560 1628 621 etwas
1681 556 1979 621 auderem
2028 554 2223 621 Sinne
2270 557 2512 642 regiert
2558 555 2659 619 οἰν-

274 661 550 726 τιδιδοῖεν
615 661 736 726 den
796 660 975 726 Infin.
1043 670 1333 739 στυγεῖνε
1399 665 1489 726 sie
1542 668 1779 749 mbgen
1824 663 2131 727 tauschen
2178 661 2297 726 den
2342 660 2544 738 HasS,
2590 681 2658 724 so

277 767 412 832 dass
459 770 554 834 sie
601 771 780 854 einig
825 768 965 832 sind
1010 771 1105 832 im
1149 767 1399 832 Hassen
1443 771 1590 848 (wie
1635 772 1730 833 im
1776 767 2108 848 Lieben)”.
2176 767 2394 833 Multo
2442 773 2657 832 tamen

278 873 670 938 commodius
715 874 879 938 foret
925 873 1093 958 quod
1111 922 1127 951 ,
1175 876 1244 937 ni
1291 872 1497 951 fallor,
1547 873 1888 958 aliquando
1938 876 2242 958 proposui

1000 979 1132 1042 καὶ
1183 980 1450 1056 στύγη
1499 980 1619 1062 μία
1666 979 1865 1060 φρενί.

278 1083 452 1148 Idem
515 1087 786 1150 sensisse
847 1084 1106 1149 videtur
1169 1084 1446 1169 Blaydes
1492 1105 1642 1169 pag.
1691 1084 1822 1150 302
1886 1087 2201 1150 coniciens
2249 1085 2353 1148 καὶ
2404 1085 2655 1160 στύγος.

279 1189 533 1255 Mutata
601 1196 820 1255 tamen
889 1193 1203 1254 sententia
1271 1211 1416 1275 pag.
1469 1189 1601 1255 352
1663 1193 2024 1275 suspicatus
2086 1197 2183 1255 est
2244 1194 2568 1267 κάστυγ
2590 1197 2664 1254 εἴ

281 1297 397 1378 μία
463 1297 676 1377 φρενί;
750 1295 920 1380 quod
989 1296 1256 1361 fortasse
1323 1301 1622 1381 praestat.
1698 1298 1837 1379 Mt‘qc
1908 1298 2085 1377 φρενί
2122 1332 2203 1357 =
2243 1297 2657 1377 ὁμοφροσύνῃ,

283 1401 545 1484 ὁμονοίᾳ.

366 1614 558 1678 Eum.
611 1613 779 1679 1021

578 1765 583 1770 -
639 1722 780 1784 αἰνῶ
827 1744 910 1783 τε
960 1721 1262 1796 μύθους
1313 1723 1496 1785 τῶνδε
1543 1728 1659 1784 τῶν
1708 1723 2167 1799 κατευγμάτων

639 1825 874 1904 πέμψω
924 1851 993 1890 τε
1048 1825 1289 1912 Φέγγει
1339 1825 1692 1902 λαμπαδων
1741 1827 2142 1906 σελασφόρων

639 1932 728 2002 εἷς
775 1933 917 2002 τοὺς
965 1929 1155 2010 ἔνερθε
1203 1932 1333 1995 καὶ
1384 1932 1597 1996 κάτω
1647 1934 1864 2012 χθονὸς
1912 1933 2152 2004 τόπους.

277 2037 444 2120 Apte
489 2035 767 2121 Blaydes
805 2058 954 2122 pag.
998 2035 1129 2101 352
1171 2038 1312 2101 αἰνῶ
1361 2039 1503 2113 μὲν
1554 2039 1767 2113 ὑμᾶς
1814 2043 1878 2103 et
1916 2037 2148 2117 πέμψω
2191 2038 2253 2102 δὲ
2293 2041 2659 2124 proposuit,

277 2141 387 2206 sed
447 2141 806 2226 simplicior
866 2142 1126 2208 videtur
1184 2142 1617 2207 Heimsoethii
1636 2192 1652 2220 ,
1722 2164 1917 2227 quam
1962 2145 2218 2230 ignorat
2237 2193 2253 2222 ,
2303 2146 2664 2209 coniectura

277 2249 422 2312 αἰνῶ
485 2249 545 2310 τ’
611 2246 953 2319 οὲοιδοὺς.
1019 2247 1199 2326 Quod
1265 2247 1489 2312 deinde
1537 2251 1808 2313 coniecit
1855 2249 1958 2312 καὶ
2010 2253 2225 2313 κατὰ
2273 2251 2489 2330 χθονὸς
2535 2271 2665 2314 non

273 2353 450 2418 tollit
511 2374 619 2418 me
681 2353 890 2418 iudice
951 2353 1384 2439 tautologiam
1444 2353 1705 2446 horuml
1741 2356 2122 2433 verborum,
2188 2377 2348 2441 quae
2413 2377 2666 2442 semper

275 2458 444 2524 male
505 2480 611 2523 me
672 2459 918 2523 habuit.
967 2459 1111 2523 Non
1159 2458 1381 2524 dubito
1432 2462 1587 2544 quin
1634 2461 1831 2525 verba
1880 2462 1983 2525 καὶ
2034 2462 2203 2526 xm
2252 2465 2381 2527 sint
2426 2461 2667 2547 glossa-

276 2567 436 2630 toris
499 2563 878 2650 explicantis
941 2565 1215 2628 formam
1277 2567 1593 2649 poeticam
1657 2565 1847 2646 ἔνερθε
1912 2573 1976 2632 et
2023 2570 2303 2653 genuina
2348 2567 2663 2633 vocabula·

275 2672 603 2757 perierint.
653 2669 967 2735 Mnemos.
1018 2670 1180 2735 XXI
1217 2692 1366 2757 pag.
1411 2670 1496 2737 96
1545 2673 1932 2738 scribebam:
1985 2673 2330 2753 „Deleatur
2369 2679 2665 2760 apertum

277 2777 621 2863 glossema.
669 2776 836 2855 Quid
897 2773 1199 2841 exciderit
1258 2798 1518 2862 prorsus
1563 2781 1883 2843 incertum
1930 2786 2046 2845 est.
2110 2781 2325 2845 Possis
2372 2780 2666 2866 supplere

280 2892 393 2957 τῆς
433 2885 622 2961 ἐμῆς,
666 2883 775 2947 sed
814 2884 1037 2948 eodem
1073 2886 1214 2949 iure
1254 2882 1524 2963 ἔνερθε<ν
1567 2887 1863 2960 Ἀττικῆς
1904 2886 2011 2951 vel
2041 2888 2353 2965 οὶστικῆς)
2381 2886 2665 2968 χθονός”.

375 3310 589 3375 Pauca
638 3308 742 3372 his
789 3310 1180 3395 subiungam
1199 3357 1216 3383 ‚
1265 3330 1424 3393 quae
1470 3314 1539 3375 in
1585 3315 1971 3398 praegressis
2014 3310 2303 3397 neglexi:

383 3530 598 3594 Prom.
656 3528 782 3593 112
830 3530 1122 3613 spurius,
1170 3528 1377 3593 factus
1425 3519 1540 3613 ope
1588 3551 1715 3595 vss.
1768 3502 1875 3595 20.
1930 3529 2033 3595 56.
2088 3528 2171 3595 65
2219 3529 2300 3596 al.
2348 3528 2671 3594 Falsarius

290 3657 416 3700 non
460 3638 725 3720 optimis
769 3636 1056 3699 numeris
1102 3639 1167 3697 et
1213 3656 1410 3719 prava
1457 3633 1818 3701 Graecitate
1864 3636 2121 3707 dederat
2176 3637 2440 3701 fortasse
2497 3626 2677 3699 ὑπαί-

297 3742 445 3820 θριος
483 3740 731 3817 δεσμοῖς
765 3740 1380 3816 πεπασσαλευμένος.
1421 3740 1494 3805 Ε.
1523 3742 1600 3805 Α.
1640 3764 1705 3826 p.
1739 3742 1887 3807 121.
1930 3780 2014 3791 -
2055 3741 2265 3807 Hodie
2304 3742 2435 3807 fere
2460 3744 2673 3806 nescio

296 3868 375 3911 an
435 3850 652 3932 potius
714 3844 1132 3930 reduplicatio
1189 3847 1425 3911 omissa
1470 3849 1538 3910 in
1585 3848 2100 3925 πασσαλευμένος
2148 3850 2233 3913 sit
2278 3847 2535 3913 infimae
2580 3867 2677 3911 ae-

297 3955 460 4017 tatis·
491 3952 827 4017 indicium.

389 4172 606 4237 Prom.
656 4167 787 4237 2¹75
835 4172 1103 4235 ταῦτοὶ
1154 4170 1316 4251 (cod.
1367 4172 1604 4253 ταῦτα’)
1651 4174 1747 4237 τοί
1792 4164 2159 4250 πλανωμένη

843 4276 990 4357 πρὸς
1036 4274 1255 4342 ἄλλοτ’
1301 4276 1494 4343 ἄλλον
1541 4281 1784 4354 πημονὴ
1832 4278 2198 4359 προσιζάνει.

299 4384 372 4449 E.
397 4386 472 4449 A.
533 4384 630 4448 Ll.
695 4385 1092 4470 corrigebam
1153 4385 1427 4449 πάντα
1487 4409 1613 4463 τοι,
1663 4386 1861 4449 omnia
1896 4408 2273 4467 pervaqans,
2324 4371 2468 4451 coll.
2519 4385 2671 4450 Eur.

301 4490 444 4556 Hel.
496 4488 628 4555 604
677 4492 890 4554 πᾶσαν
937 4490 1268 4563 πλανηθεὶς
1315 4491 1491 4565 τήνδε
1536 4490 1856 4572 βάρβαρον
1905 4483 2121 4573 χθόνα.
