3351 5463
1094 387 1486 440 ramnum
1530 389 1920 441 oomoosuu.
2564 366 2694 433 401
2793 435 2798 442 .

404 556 719 623 Amixlms
763 555 843 622 fr.
892 554 1062 622 266:
1927 555 2016 633 μη
2063 551 2247 635 ὥρασι
2297 553 2412 632 μὲν

675 662 761 728 τὰ
808 663 926 727 τῶν
976 659 1271 744 κακῶνζί)
1317 657 1482 727 ἵκοιθ’
1532 663 1560 727 ὅ
1609 660 1749 735 τοὺς
1800 661 2044 742 θέρμους
2090 660 2340 741 Φαγών,

673 767 735 832 ἓν
781 768 865 848 τῶ
920 767 1180 849 προθύρῳ
1230 768 1317 832 τοὶ
1362 766 1640 845 λέμμαθ’
1689 768 1820 842 ὁτιὴ
1869 766 2243 845 κατέλιπεν,

673 874 826 938 ἀλλ’
872 874 979 939 οὐκ
1028 873 1350 952 ἀπεπνίγη
1398 874 1836 953 καταφαγών·
1885 871 2178 951 μάλιστα
2225 869 2288 934 δὲ

675 977 1043 1050 Κλεαίνετος
1092 977 1205 1054 μὲν
1254 981 1360 1044 οὐκ
1410 977 1638 1054 ἐδήδοκ’
1685 975 1800 1044 οἶδ’
1846 975 1939 1043 ὅτι

679 1083 708 1148 ὅ
756 1084 1047 1161 τραγικὸς
1094 1082 1352 1155 αὐτούς·
1404 1083 1633 1156 οὐδενὸς
1682 1085 1809 1163 γὰρ
1854 1082 2100 1149 πώποτε

676 1188 1008 1268 ἀπέβαλεν
1052 1189 1297 1269 ὀσπρίου
1343 1190 1567 1262 λέπος·

622 1289 630 1300 “
676 1292 921 1368 οὕτως
969 1296 1272 1368 ἐκεῖνος
1322 1292 1661 1376 εὐχερὴς
1711 1296 1927 1374 ἁνήρ.

317 1399 730 1489 Corruptelas
746 1451 763 1481 ,
829 1404 1063 1488 quibus
1124 1403 1369 1469 mederi
1423 1423 1667 1489 nequeo
1688 1452 1705 1482 ,
1768 1424 1897 1468 non
1959 1406 2155 1488 tango
2174 1448 2191 1479 ,
2253 1399 2365 1465 sed
2408 1400 2697 1484 impense

314 1509 517 1572 miror
554 1506 883 1574 Kockium
916 1508 1233 1575 ultimum
1271 1529 1536 1574 versum
1573 1510 1664 1574 sic
1686 1511 2244 1594 interpretantem:
2276 1503 2538 1584 „Nimia
2560 1505 2699 1568 eius

318 1611 741 1694 „(Gleaeneti)
779 1617 1167 1699 parsimonia
1204 1617 1553 1701 perstringi
1588 1614 1870 1681 videtur.
1916 1616 2011 1679 ita
2049 1613 2303 1676 habilem
2325 1617 2384 1674 et
2405 1599 2703 1674 sollertem

318 1740 497 1797 „esse
533 1724 720 1804 poeta
758 1719 946 1797 dicit,
988 1726 1297 1805 tanquam
1327 1720 1394 1785 id
1434 1721 1696 1785 astutiae
1719 1740 1870 1786 suae
1888 1768 1905 1798 ,
1931 1741 2057 1786 non
2081 1720 2389 1784 avaritiae
2413 1710 2702 1781 debeat.’'

314 1823 412 1890 Ne
472 1824 683 1890 dicam
726 1825 895 1890 nihil
940 1824 1141 1911 lepidi
1185 1829 1390 1892 inesse
1437 1825 1812 1892 huiusmodi
1858 1827 2208 1891 sententiae
2226 1872 2243 1902 ,
2293 1825 2454 1889 scire
2501 1820 2703 1888 velim

317 1950 443 2014 quo
492 1934 747 1996 auctore
791 1933 895 1997 vir
931 1931 1163 1997 doctus
1204 1931 1522 1997 adiectivo
1562 1931 1818 2012 εὐχερές
1857 1931 2021 1996 hanc
2058 1930 2302 1995 tribuat
2339 1929 2665 1993 notionem
2683 1973 2702 2002 ,

318 2035 487 2121 quod
532 2057 889 2122 numquam
936 2037 1012 2102 de
1059 2037 1260 2103 habili
1307 2043 1420 2103 aut
1466 2036 1710 2104 sollerti
1753 2043 1867 2104 aut
1911 2041 2124 2103 astuto
2168 2038 2536 2122 usurpatur,
2592 2031 2702 2096 sed

304 2139 699 2227 ‚plerumque
759 2143 909 2206 levis
970 2143 1203 2224 inqenii
1246 2144 1577 2209 hominem
1624 2143 1936 2230 designat.
1985 2142 2190 2222 Quare
2236 2140 2407 2205 hunc
2453 2156 2704 2223 quoque

318 2267 580 2312 versum
599 2295 617 2326 ,
678 2250 805 2312 nisi
858 2249 1020 2313 forte
1067 2248 1255 2333 plura
1300 2253 1449 2314 ante
1494 2270 1645 2314 eum
1692 2250 2065 2315 exciderunt
2084 2296 2101 2326 ,
2149 2250 2526 2332 corruptum
2569 2263 2703 2307 esse

319 2353 637 2418 existimo.
680 2351 939 2420 Gonicio
1134 2339 1138 2343 ’

681 2460 818 2524 οὐκ
866 2456 1025 2522 ἔστ’
1073 2459 1382 2532 ἐκεῖνος
1428 2460 1779 2538 εὐχερὴς
1826 2455 2073 2530 οὕτως
2122 2457 2335 2535 ἀνήρ.

323 2563 509 2641 „Non
568 2570 656 2627 eet
723 2563 834 2627 ille
893 2565 1041 2628 adeo
1101 2564 1251 2628 levis
1312 2571 1370 2629 et
1424 2564 1942 2630 inconsiderata?
1993 2568 2096 2644 (ut
2139 2562 2349 2648 lupini
2393 2563 2700 2647 putamen

321 2669 601 2752 abiciat).

411 2866 740 2935 Humoom
784 2868 863 2933 fr.
914 2867 977 2947 5,
1008 2868 1127 2935 15:

686 2982 945 3053 yvuoe'e‘xe
990 2974 1043 3039 δ’
1090 2976 1293 3048 αὐτὸς
1343 2980 1455 3056 (sc.
1504 2974 1622 3049 τὰς
1673 2974 1915 3060 πόλεις)
1964 2973 2065 3039 δύο
2112 2971 2496 3056 ταραττετόν
2541 2995 2657 3039 τινι

683 3078 779 3145 οὶεὶ
826 3078 1115 3145 σύνουσαι
1135 3101 1149 3118 ·
1200 3079 1582 3160 δημοκρατία
1630 3079 1858 3163 θατέρᾳ

682 3182 847 3261 ὄνομ’
896 3184 1029 3249 ἔστί
1045 3233 1063 3264 ,
1112 3194 1203 3267 τῇ
1253 3183 1309 3250 δ’
1360 3185 1797 3267 ἀριστοκρατίᾳ
1843 3185 2108 3267 θατέρᾳ,

687 3288 760 3354 δι’
808 3280 886 3361 ἃς
934 3290 1443 3370 πεπαρῳνῆκασιν
1490 3289 1599 3366 ἤδη
1647 3289 1978 3375 πολλάκις.

322 3394 693 3461 Heniochus
708 3442 727 3472 ,
798 3395 1043 3460 mediae
1112 3415 1273 3481 quae
1344 3395 1579 3461 dicitur
1645 3394 2009 3461 comoediae
2075 3399 2264 3479 poeta
2333 3394 2437 3475 (cf.
2499 3394 2702 3460 Mein.

321 3499 410 3565 H.
460 3496 531 3566 O.
593 3521 657 3585 p.
708 3499 831 3566 421
864 3507 1008 3585 sq.)‚
1078 3500 1340 3567 florente
1400 3500 1629 3587 ling-ua
1681 3501 1968 3589 nondum
2026 3503 2428 3567 committere
2487 3502 2702 3588 potuit

322 3605 789 3671 barbarismum
806 3654 823 3684 ,
886 3627 1079 3690 quem
1142 3628 1333 3693 aeg-re
1394 3607 1802 3699 concedimus
1861 3606 2213 3674 Menandro
2231 3655 2248 3685 ,
2319 3610 2426 3674 cui
2491 3609 2701 3693 primo

321 3711 617 3777 tribuunt
662 3714 1074 3797 grammatici
1118 3713 1221 3793 (fr.
1271 3712 1465 3794 846):

687 3816 715 3880 ὃ
761 3818 1010 3895 θάτερος
1054 3818 1171 3893 μὲν
1216 3826 1344 3885 τοῖν
1385 3818 1549 3884 δυοῖν
1592 3818 1957 3898 Διοσκόροιν,

324 3920 494 4007 quod
532 3923 750 4007 ipsum
788 3924 1231 3988 testimonium
1280 3923 1554 3989 dubium
1596 3924 1808 3989 reddit
1825 3990 1832 3996 ,
1851 3924 2232 3990 Eustathius
2277 3946 2340 4009 p.
2397 3922 2590 4001 1573,
2617 3922 2704 3991 62
2753 3940 2762 3949 ·

323 4028 533 4092 nescio
594 4028 701 4091 cui
760 4024 1122 4114 Chrysippo
1185 4016 1445 4094 versum
1503 4031 1704 4094 istum
1767 4029 2076 4095 tribuens.
2127 4028 2331 4109 Quare
2377 4030 2532 4114 quin
2576 4026 2704 4093 He-

323 4132 537 4197 niochi
596 4131 774 4198 locus
837 4131 1047 4199 labem
1109 4137 1465 4220 conceperit
1510 4156 1636 4201 non
1683 4140 1892 4220 potest
1943 4133 2242 4200 dubitari.
2294 4133 2473 4214 Quod
2520 4131 2708 4199 intel-

323 4236 485 4303 lexit
545 4239 744 4303 etiam
807 4238 1081 4326 Blaydes
1142 4238 1307 4306 Adv.
1371 4242 1441 4304 in
1503 4237 1683 4306 Gom.
1751 4237 1864 4305 Gr.
1929 4240 2004 4304 fr.
2071 4261 2132 4324 p.
2188 4237 2316 4303 123
2363 4238 2707 4304 infeliciter

322 4347 611 4409 tentans:
662 4343 1048 4424 δημοκρατία
1098 4342 1324 4427 θατέρᾳ
1372 4342 1562 4422 ὄνομα
1609 4344 1905 4411 τέθειτ’
1952 4344 2394 4425 ἀριστοκρατία
2442 4343 2702 4426 θατέρᾳ,

323 4448 561 4519 oblitus
598 4449 834 4517 Atticis
872 4450 1053 4518 verbi
1091 4448 1315 4516 τιθέναι
1354 4450 1525 4517 Pers.
1564 4452 1744 4518 Pass,
1787 4457 1988 4517 κεῖται
2031 4471 2163 4517 esse
2181 4498 2199 4531 ,
2245 4472 2371 4517 non
2415 4450 2704 4531 τέθειται,
