3351 5463
1226 383 1728 432 Amsrorfflmis.
2540 359 2684 426 289

297 556 408 616 ant
610 655 678 718 οὗ
725 652 1138 732 τοὶμΦιδρόμι’
1186 655 1377 719 αὑτοῦ
1426 663 1632 731 μενεῖς
1683 659 1840 733 (τοῦ
1888 655 2217 733 παιδίου>;

298 759 538 825 Eodem
600 761 751 825 vitii
797 780 1032 844 genere
1078 758 1333 823 Thesm.
1386 758 1513 824 511
1562 759 1716 825 libri
1762 765 1869 825 τοῦ
1920 760 2174 825 παιδίον
2212 759 2513 824 exhibent
2560 778 2674 842 pro

297 866 363 929 τὸ
404 866 621 946 κηρίον,
670 864 839 950 quod
886 867 1126 930 comico
1174 865 1452 931 reddidit
1499 865 1860 953 Hirschigii
1906 887 2194 932 acumen.

385 1054 491 1119 Vs·
543 1052 696 1118 864.
744 1054 897 1140 Lys.
946 1052 1095 1134 Φέρε
1144 1079 1245 1120 νυν
1293 1053 1536 1119 καλέσω
1588 1053 2044 1134 καταβοῖσοὶ
2091 1077 2202 1118 σοι.
2373 1135 2376 1140 ¹

300 1161 431 1242 Quo
495 1181 685 1225 sensu
746 1160 1107 1247 Lysistrata
1166 1160 1607 1247 Myrrhinam,
1675 1182 1836 1246 quae
1882 1183 2071 1243 supra
2117 1163 2214 1224 est
2260 1159 2327 1221 in
2374 1179 2528 1234 arce,
2581 1177 2674 1221 ar·

298 1287 537 1332 aessens
555 1313 572 1344 ‚
621 1267 1029 1330 descensuram
1076 1287 1142 1331 se
1190 1267 1357 1332 dicat
1402 1287 1530 1330 non
1569 1287 1885 1352 assequor.
1935 1266 2080 1351 Ipsa
2121 1269 2293 1331 enim
2328 1263 2673 1356 Myrrhina

297 1371 663 1437 descendere
727 1372 942 1448 debet,
1008 1377 1084 1436 ut
1136 1374 1471 1437 conveniat
1516 1375 1864 1450 maritum,
1913 1375 2132 1456 itaque
2179 1391 2274 1436 vs.
2324 1366 2456 1434 874
2505 1372 2672 1432 reete

296 1478 446 1542 dicit
508 1475 793 1542 Oinesias
855 1477 1004 1553 ἐμοῦ
1057 1482 1388 1549 καλοῦντος
1436 1479 1501 1543 οὐ
1549 1478 2061 1555 καταβήσει,
2112 1477 2410 1556 Μυρρίνη;
2465 1479 2530 1538 et
2574 1493 2669 1539 vs,

298 1582 423 1648 883
488 1582 911 1659 κατάβηθ’,
979 1579 1020 1646 ὦ
1084 1582 1405 1662 δαιμονία,
1470 1584 1552 1662 τῷ
1620 1584 1839 1663 παιδίῳ
1895 1588 1958 1648 et
2004 1586 2145 1668 ipsa
2189 1580 2528 1668 Myrrhina
2576 1597 2669 1642 vs,

299 1686 424 1752 884
473 1686 897 1766 καταβατέον.
965 1687 1147 1752 Satin
1208 1692 1415 1775 igitur
1461 1693 1711 1753 certum
1757 1695 1853 1754 est
1901 1710 1996 1755 vs.
2041 1685 2172 1752 864
2223 1684 2672 1771 corrigendum

299 1815 427 1859 esse
474 1791 872 1871 ἀναβᾶσα
919 1798 1064 1872 aut,
1116 1798 1171 1859 si
1214 1796 1456 1871 maviS,
1506 1793 1944 1874 προσβᾶσα
1995 1791 2128 1858 cot?

383 1979 488 2046 Vs.
539 1980 694 2048 886.
740 1980 1023 2048 Oinesias
1072 1981 1146 2045 de
1193 2001 1425 2047 uxore:

749 2085 880 2165 ἐμοὶ
929 2086 1055 2166 γὰρ
1103 2083 1263 2159 αὕτη
1310 2086 1415 2150 καὶ
1475 2087 1733 2165 νεωτέρα
1780 2087 1945 2151 δοκεῖ

656 2243 663 2248 .
744 2192 953 2272 πολλῷ
1003 2191 1379 2268 γεγενῆσθαι
1429 2192 1859 2270 κάγανώτε
1877 2214 2002 2272 ρον
2046 2191 2330 2269 βλέπειν.

298 2294 515 2362 Nescio
562 2318 643 2362 an
689 2299 902 2382 aptius
950 2299 1036 2360 sit
1083 2297 1629 2377 καγανωτέρα
1682 2296 1964 2374 βλέπειν.
2014 2296 2182 2362 Nam
2232 2296 2403 2381 quod
2449 2293 2673 2380 vulga-

301 2406 402 2466 tur
446 2403 593 2469 vide
640 2425 718 2468 ne
766 2407 1014 2489 pugnet
1062 2422 1213 2467 oum
1256 2405 1413 2488 ipsis
1460 2404 1871 2488 sequentibus

743 2507 843 2590 χᾶ
891 2509 1271 2573 δυσκολαίνει
1322 2509 1469 2589 πρὸς
1515 2509 1626 2585 ἐμὲ
1674 2509 1778 2574 καὶ
1825 2508 2222 2590 βρενθύεται,

743 2615 925 2678 ταῦτ’
975 2615 1143 2678 αὐτοὶ
1192 2612 1261 2688 δὴ
1309 2610 1487 2677 κᾶσθ’
1536 2611 1651 2691 ἅμ’
1703 2615 2004 2695 ἐπιτρίβει
2054 2615 2136 2696 τῷ
2187 2610 2368 2691 πόθῳ.

383 2720 556 2801 Quae
620 2723 793 2787 enim
852 2721 971 2785 hoc
1040 2721 1186 2785 facit
1248 2718 1484 2786 mulier
1546 2723 1660 2786 vix
1721 2727 1888 2787 reete
1951 2721 2075 2786 dici
2137 2724 2346 2806 potest
2392 2718 2674 2782 blandum

301 2829 485 2905 tueri,
538 2828 647 2892 sed
695 2829 938 2913 optime
986 2826 1223 2891 dicitur
1266 2834 1510 2909 aspectu
1556 2828 1821 2891 iucunda
1868 2828 2240 2912 depereunti
2284 2826 2535 2890 marito·

382 3011 488 3077 Vs.
540 3012 691 3078 962.
741 3022 909 3086 ποῖος
956 3016 1080 3094 γὰρ
1128 3013 1218 3079 ἔτ’
1267 3013 1344 3078 ὢν
1389 3014 1605 3095 νέφρος
1652 3014 1976 3096 ἀντίσχοι,

746 3121 894 3186 ποία
942 3121 1155 3198 ψωλή,
1207 3127 1377 3184 ποῖαι
1426 3119 1481 3183 δ’
1526 3119 1768 3199 ὄρχεις,

745 3224 892 3289 ποία
942 3223 993 3289 δ’
1046 3223 1280 3304 ὀσφύς,
1331 3233 1499 3296 ποῖος
1547 3226 1598 3289 δ’
1646 3224 1804 3306 ὄρρος

748 3329 1260 3405 κατατεινόμενος

747 3435 880 3499 καὶ
930 3436 1032 3515 μὴ
1081 3435 1324 3512 βινῶν
1373 3435 1513 3507 τοὺς
1558 3435 1822 3515 ὄρθρους;

306 3547 488 3604 Βινεῖν
554 3539 630 3604 de
690 3543 849 3626 ipsis
910 3540 1300 3627 genitalibus
1321 3589 1337 3617 ,
1403 3561 1796 3625 quamquam
1856 3540 1962 3608 vel
2023 3542 2113 3605 sic
2157 3543 2373 3605 minus
2421 3542 2673 3626 proprie

306 3642 578 3722 dictum,
630 3646 1099 3730 quodammodo
1145 3652 1361 3710 tamen
1401 3646 1551 3711 ferri
1591 3652 1837 3731 posset,
1879 3647 1987 3711 sed
2028 3648 2138 3731 qui
2175 3646 2435 3712 tolerari
2473 3648 2672 3730 possit

305 3746 451 3828 ὄρρος
481 3787 566 3799 -
589 3752 772 3827 βινῶν
816 3773 941 3817 non
987 3751 1195 3817 video.
1245 3750 1480 3816 Procul
1527 3751 1721 3817 dubio
1771 3751 2254 3839 corrig-endum:

745 3858 845 3933 μὴ
896 3856 1330 3934 βινοῦντος
1378 3857 1519 3928 τοὺς
1568 3856 1817 3938 ὄρθρους.

390 4044 494 4109 Vs.
547 4044 701 4112 984.
749 4046 986 4109 Praeco
1035 4043 1385 4129 Spartanus

748 4147 964 4228 ἔμολον
1012 4149 1139 4213 ἀπὸ
1190 4149 1493 4230 Σπάρτας
1542 4150 1720 4230 περὶ
1770 4155 1919 4215 τᾶν
1968 4150 2465 4227 διαλλαγᾶν.

307 4250 554 4340 Ineptus
618 4260 713 4319 est
760 4254 1069 4347 artieulus
1119 4255 1195 4319 de
1241 4277 1308 4320 re
1354 4254 1640 4321 nondum
1690 4259 2226 4332 commemorata,
2278 4275 2470 4340 quare
2518 4253 2670 4320 olim

310 4362 539 4425 correxi
585 4359 1069 4438 διαλλαγᾶν
1118 4361 1332 4439 πέρι,
1384 4360 1527 4427 0011.
1577 4383 1704 4426 vss.
1758 4359 1930 4425 1019
1982 4366 2046 4425 et
2099 4360 2294 4424 1101.
2346 4359 2507 4424 Add.
2548 4360 2669 4424 Av.

318 4460 498 4531 1532.
552 4463 725 4533 1577
750 4487 841 4552 sq.
890 4467 1038 4533 Pac.
1088 4465 1241 4532 216.
