3351 5463
67 4938 106 5400 1

330 1003 467 1098 AD
524 1004 927 1095 CORPUS
987 1005 1827 1098 INSCRIPTIONUM
1885 1007 2564 1098 RHODIARUM.

1320 1227 1569 1270 sompsrl·

1074 1409 1161 1476 Η.
1208 1409 1384 1477 VAN
1431 1409 1795 1480 GELDER.

958 1561 1432 1641 (Continuantur
1478 1585 1549 1626 ex
1581 1588 1731 1646 pay.
1783 1563 1914 1645 98.)

1263 1885 1587 1918 ---<><><>—-

350 2161 412 2223 C.
436 2159 493 2224 I.
518 2159 600 2224 R.
653 2161 849 2226 1064.
902 2195 987 2208 -
1034 2159 1109 2224 In
1155 2160 1274 2225 hoc
1321 2160 1514 2225 titulo
1563 2167 1743 2246 pater
1783 2165 2056 2226 occurrit
2087 2166 2285 2243 Ἔρως
2325 2164 2626 2248 Ζωσίμσυ,

252 2268 365 2350 qui
404 2265 725 2342 Ἐφέσιος,
765 2269 971 2330 mater
1010 2264 1397 2343 Ἐπιγένεια,
1446 2287 1607 2351 quae
1649 2271 1856 2342 Κασίᾳ
1899 2267 2386 2345 dicitur311beri
2411 2272 2630 2334 autem

251 2395 327 2438 ex
386 2372 750 2458 parentibus
806 2369 939 2436 illis
1001 2374 1138 2437 nati
1200 2393 1326 2437 non
1388 2374 1661 2452 Ἐφέσιοι
1715 2373 2034 2451 dicuntur,
2083 2376 2184 2439 uti
2229 2396 2330 2439 res
2376 2395 2630 2460 poscere

250 2478 522 2556 videtur,
588 2498 819 2542 verum
884 2475 1119 2542 Kaio-101.
1184 2475 1392 2544 Causa
1450 2483 1667 2543 tamen
1729 2481 1798 2542 in
1845 2484 2151 2563 promptu
2198 2485 2328 2543 est:
2376 2485 2642 2564 patrem·

253 2585 423 2649 enim
487 2581 767 2648 liberum
836 2583 1032 2648 fuisse
1101 2604 1179 2647 ex
1237 2586 1497 2649 nomine
1554 2584 1834 2649 hominis
1899 2587 2327 2669 comperimus
2347 2633 2364 2661 ,
2422 2590 2631 2649 mater

252 2694 466 2755 contra
528 2708 712 2755 serva
772 2693 925 2753 erat.
988 2691 1201 2775 Atque
1262 2691 1331 2754 in
1376 2689 1750 2755 huiusmodi
1797 2691 2228 2755 matrimoniis
2273 2689 2514 2755 Rhodii
2557 2689 2633 2754 11-

250 2797 429 2863 beros
474 2794 691 2861 locum
729 2789 1129 2881 patriamque
1168 2800 1397 2861 matris
1438 2800 1621 2882 sequi
1657 2797 1982 2862 iubebant.
2033 2796 2214 2876 Quod
2254 2818 2378 2863 non
2417 2795 2630 2861 solum

251 2924 327 2967 ex
390 2899 585 2966 titulo
646 2906 865 2967 nostro
910 2907 1172 2986 apparet
1188 2921 1204 2978 ;
1256 2901 1336 2966 ad
1381 2923 1675 2967 normam
1722 2901 1987 2966 eandem
2031 2922 2171 2966 rem
2226 2882 2632 2966 constituisse

250 3006 529 3092 Delphos
600 3006 774 3071 haud
841 3006 1039 3071 semel
1106 3006 1289 3071 tituli
1350 3007 1645 3093 Delphici
1706 3009 1979 3093 probant
1995 3056 2012 3085 ,
2075 3011 2411 3092 praecipue
2474 3028 2629 3073 vero

252 3112 485 3177 titulus
508 3110 1109 3177 Wescher-Foucart
1147 3112 1559 3198 Inscriptions
1594 3112 1954 3178 recuefflies
1977 3114 2015 3178 a
2036 3113 2316 3197 Delphos
2340 3112 2400 3177 N
2404 3118 2448 3175 ⁰.
2477 3108 2631 3176 2¹70.

351 3220 414 3285 0.
440 3218 497 3281 Ι.
522 3219 605 3282 R.
658 3218 854 3283 1068.
920 3254 1003 3265 -
1068 3218 1485 3298 ’Λγλώκριτος
1548 3218 1836 3283 sacerdos
1885 3217 2088 3295 Solis,
2155 3220 2338 3282 cuius
2385 3219 2630 3281 mentio

256 3327 373 3390 hoc
431 3324 573 3389 loco
635 3322 708 3386 fit
725 3370 742 3400 ‚
807 3322 1099 3388 diversus
1161 3344 1289 3387 non
1350 3324 1546 3389 fuisse
1593 3324 1852 3389 videtur
1897 3325 1974 3388 ab
2024 3324 2348 3388 sacerdote
2393 3343 2466 3387 eo
2485 3368 2502 3397 ,
2553 3322 2630 3385 de

254 3452 378 3516 quo
444 3434 909 3495 commemorat
976 3428 1210 3495 titulus
1281 3428 1503 3494 'Pelius
1573 3430 1732 3494 Ross
1801 3428 2146 3494 Hellenika
2210 3428 2243 3492 Ι
2309 3427 2366 3504 1,
2435 3425 2632 3503 1846,

258 3537 343 3603 62
367 3558 504 3621 sqq.
550 3535 641 3600 Νο
688 3534 751 3611 2,
801 3555 898 3600 vs.
950 3532 1013 3598 5.

352 3643 415 3705 Ο.
441 3641 501 3705 Ι.
529 3641 609 3703 R.-
660 3640 861 3706 1069.
910 3674 997 3687 —-
1044 3638 1384 3725 Agoranax
1431 3640 1717 3705 sacerdos
1765 3638 1929 3704 Solis
1947 3686 1964 3716 ‚
2014 3640 2200 3703 cuius
2247 3659 2480 3702 nomen
2518 3637 2638 3702 hoc

252 3747 392 3813 loco
462 3747 741 3811 occurrit
757 3792 775 3822 ‚
844 3766 970 3809 11011
1040 3744 1277 3810 distare
1347 3745 1601 3811 videtur
1670 3746 1749 3809 ab
1812 3746 2216 3831 Agoranacte
2279 3743 2602 3808 sacerdote
2619 3788 2636 3818 ,

250 3874 447 3938 quem
505 3850 741 3917 titulus
802 3849 1027 3915 laudat
1083 3849 1256 3915 Bull.
1302 3848 1475 3917 Hell.
1536 3850 1633 3915 IX
1687 3849 1880 3928 1885,
1936 3850 2086 3927 186,
2135 3850 2226 3915 N⁰
2284 3848 2362 3915 16
2379 3870 2397 3927 3
2447 3851 2638 3913 tertio

250 3978 489 4023 nomen
546 3958 815 4021 recurrit
888 3956 1307 4041 Agoranactis
1370 3955 1714 4021 sacerdotis
1773 3955 1943 4021 Solis
2006 3955 2176 4040 apud
2223 3953 2474 4032 „Gauer
2520 3952 2641 4017 De-

250 4060 493 4129 1001110ι
542 4060 693 4139 194,
721 4060 827 4125 1”.

357 4169 421 4231 0.
446 4168 505 4231 Ι.
532 4168 613 4230 R.
662 4168 858 4233 1072.
916 4202 1001 4215 -—
1064 4167 1401 4231 Aenetoris
1454 4187 1685 4231 nomen
1734 4167 2074 4233 sacerdotis
2121 4164 2290 4230 Solis
2337 4165 2640 4249 eponymi

244 4277 323 4337 111
388 4292 657 4335 nummo
717 4270 963 4335 Rhodio
1026 4273 1267 4335 iterum
1331 4270 1706 4336 offendimus
1729 4320 1744 4349 ,
1812 4273 1888 4337 de
1934 4293 2059 4357 quo
2106 4270 2253 4336 vide
2301 4270 2471 4354 apud
2522 4268 2636 4345 „L.

252 4374 505 4441 Mffller
549 4374 1068 4459 Numismatique
1116 4375 1539 4441 d'Alexandre
1592 4376 1788 4453 1855,
1839 4375 1924 4441 85
1953 4374 2156 4460 sqq.'’.

366 4481 429 4543 G.
457 4480 515 4544 1.
540 4480 619 4543 R.
664 4481 856 4546 1109.
909 4516 992 4528 ——-
1036 4480 1461 4547 Archidamus
1497 4483 1780 4548 sacerdos
1819 4480 1988 4547 Solis
2025 4498 2415 4565 eponymus,
2457 4477 2640 4541 cuius
