3351 5463
869 1115 1262 1206 sTUDIA
1318 1116 2030 1210 LUCRE'I'IANA.

1317 1352 1565 1393 sompsl'r

1140 1533 1198 1598 J.
1264 1531 1772 1600 WOLTJER.

764 1699 1239 1780 (Continuambur
1281 1723 1313 1765 e
1372 1701 1432 1765 V
1424 1701 1502 1766 ol.
1549 1699 1769 1766 XXIV
1802 1723 1954 1786 pay.
2005 1697 2139 1780 ¹71).

1276 2001 1649 2046 ——ooQoo—

359 2259 556 2326 Poeta
600 2260 819 2326 docuit
864 2263 1213 2328 necessario
1258 2279 1392 2324 8888
1438 2258 1848 2324 statuendum
1882 2263 2218 2328 materiem
2257 2266 2324 2326 et
2362 2265 2646 2347 spatium

280 2386 549 2431 vacuum
608 2367 732 2433 sibi
791 2388 905 2452 per
966 2388 1033 2432 se
1090 2371 1155 2432 et
1198 2386 1360 2451 pura
1404 2385 1539 2430 esse
1558 2413 1575 2442 ,
1624 2364 1737 2430 sed
1782 2364 2082 2430 alternari
2099 2413 2117 2444 ‚
2167 2387 2294 2452 quo
2340 2367 2509 2432 facto
2556 2371 2646 2433 sic

275 2471 612 2550 conclusit,
661 2471 693 2536 I
743 2470 1138 2540 526-537:

1450 2581 1602 2642 sunt
1644 2595 1798 2663 ergo
1847 2596 2108 2662 corpora
2152 2582 2324 2643 certa

540 2703 701 2770 quae
746 2685 1030 2770 spatium
1074 2682 1261 2770 pleno
1310 2684 1554 2768 possint
1600 2681 1997 2769 distinguere
2041 2685 2250 2750 inane.

539 2790 695 2855 haec
734 2811 941 2875 neque
990 2788 1258 2854 dissolui
1302 2788 1515 2875 plagis
1559 2791 1956 2855 extrinsecus
1998 2792 2128 2854 icta

540 2902 844 2980 possunt,
892 2915 1007 2961 nec
1052 2915 1239 2981 porro
1285 2896 1543 2979 penitus
1588 2899 1921 2979 penetrata
1967 2898 2172 2961 retexi

537 3022 653 3065 nec
696 3003 943 3065 ratione
989 3005 1232 3084 queunt
1278 2998 1404 3063 alia
1448 3003 1766 3084 temptata
1810 2998 2059 3065 labare.

362 3105 489 3170 531
539 3106 609 3173 id
654 3105 824 3191 quod
866 3107 999 3170 iam
1044 3125 1237 3191 supra
1284 3105 1401 3168 tibi
1447 3103 1637 3190 paulo
1687 3094 2080 3170 ostendimus
2127 3111 2294 3171 ante.

538 3231 692 3275 nam
738 3231 941 3319 neque
988 3208 1224 3275 conlidi
1268 3212 1405 3275 sine
1446 3211 1624 3273 inani
1667 3229 1854 3294 posse
1899 3209 2159 3274 videtur

544 3310 897 3400 quicquam
938 3336 1053 3379 nec
1098 3315 1311 3399 frangi
1357 3335 1473 3379 nec
1517 3313 1674 3377 findi
1717 3316 1788 3377 in
1832 3314 1980 3378 bina
2023 3314 2321 3390 secandO,

542 3441 656 3485 nec
701 3441 922 3505 capere
966 3441 1259 3486 umorem
1304 3440 1507 3504 neque
1552 3422 1712 3483 item
1759 3418 2079 3483 manabile
2124 3419 2334 3505 frigus

368 3522 498 3587 535
547 3545 661 3589 nec
705 3524 1100 3608 penetralem
1144 3526 1365 3610 ignem
1385 3570 1403 3601 ‚
1449 3524 1682 3606 quibus
1729 3525 1946 3587 omnia
1991 3522 2444 3588 conficiuntur:

548 3632 615 3693 et
658 3650 785 3713 quo
831 3650 1116 3715 quaeque
1161 3631 1373 3715 magis
1416 3629 1667 3716 cohibet
1711 3650 1812 3694 res
1855 3631 2032 3694 intus
2076 3632 2291 3707 inane,

548 3738 685 3798 tam
730 3737 940 3819 magis
987 3735 1087 3799 his
1132 3735 1322 3799 rebus
1369 3736 1623 3819 penitus
1668 3738 1984 3817 temptata
2028 3734 2318 3799 labascit.

365 3838 543 3903 Vsm.
592 3838 721 3904 531
773 3839 1039 3926 Brieger
1082 3845 1226 3924 post
1276 3836 1405 3903 537
1454 3836 1792 3911 collocavit
1838 3842 1902 3902 et
1951 3837 2232 3905 seclusit.

367 3941 656 4009 Concedo
717 3965 842 4008 non
900 3944 1146 4028 liquere
1206 3965 1331 4028 quo
1386 3948 1671 4028 spectent
1717 3943 1915 4009 verba
1959 3964 2055 4009 vs.
2106 3942 2273 4008 531:
2327 3944 2436 4021 „id
2479 3944 2649 4029 quod

276 4050 406 4113 iam
483 4056 676 4133 supra
736 4049 858 4112 tibi
918 4048 1106 4132 paulo
1168 4048 1565 4113 ostendimus
1622 4049 1835 4113 ante''.
1899 4050 2127 4114 Munro
2176 4049 2332 4115 dicit
2379 4070 2452 4113 88
2496 4050 2652 4115 refe-

276 4152 466 4217 renda
528 4174 663 4217 esse
724 4152 805 4217 ad
864 4174 961 4219 vs.
1012 4152 1141 4218 485
1191 4157 1255 4218 et
1300 4157 1661 4239 proximos,
1712 4144 2103 4238 quamquam
2150 4175 2277 4220 vss.
2325 4152 2428 4218 illi
2474 4154 2652 4221 vide-

279 4262 466 4322 antur
500 4256 683 4331 ‚nihil
745 4278 879 4323 8888
939 4260 1064 4321 11181
1112 4279 1255 4343 pars
1302 4259 1497 4324 huius
1544 4260 1749 4343 ipsius
1797 4261 2184 4344 argumenti.
2236 4258 2500 4347 Brieger
2547 4260 2653 4326 ad-

278 4364 554 4428 notavit:
630 4364 1022 4447 „respexisse
1090 4368 1301 4448 potest
1360 4369 1548 4449 poeta
1610 4363 1689 4427 ad
1751 4383 1857 4440 88,
1925 4383 2086 4447 quae
2152 4361 2532 4443 481-487,
2595 4368 2652 4431 81

277 4487 402 4530 11811
466 4469 761 4551 exposuit
777 4513 794 4543 ,
866 4472 1116 4551 poterat
1177 4473 1395 4534 tamen
1454 4471 1817 4553 exposuisse
1881 4469 2003 4534 sibi
2064 4470 2335 4536 videri''.
2406 4470 2652 4536 Neuter
