3351 5463
1109 443 1194 490 nu
1238 429 1389 491 mar.
1434 443 1716 490 nomo
2479 423 2612 490 235

246 608 462 668 auctor
515 609 607 668 est
663 606 733 668 in
795 625 983 671 causa
1047 605 1259 672 Flacci
1304 606 1420 688 (32
1468 609 1667 692 §802
1719 627 1832 674 nec
1882 611 2102 694 postea
2145 607 2442 673 censualis
2490 629 2616 674 cre-

248 710 379 774 dita
444 715 535 775 est
588 711 900 796 professio
969 734 1119 779 vero
1186 713 1421 778 domino
1477 714 1932 796 praeiudicare.
2003 714 2184 794 Quod
2259 716 2615 780 rescribunt

243 815 661 882 Diocletianus
726 824 788 882 et
850 818 1287 884 Maximianus
1326 819 1373 900 ¹)
1436 826 1501 885 et
1561 826 1659 886 est
1721 824 2100 887 conveniens
2117 870 2134 899 ,
2215 822 2382 906 quod
2443 819 2614 906 apud

241 921 581 1007 Ulpianum
605 925 657 1006 2)
702 922 979 1009 legitur:
1026 945 1348 1011 possessor
1395 927 1563 1010 quod
1609 928 1780 1012 apud
1827 948 2089 992 censum
2136 927 2454 1012 professus
2492 929 2611 1004 sit,

240 1030 493 1115 petitori
549 1032 618 1094 in
675 1051 816 1095 rem
877 1031 1195 1096 actionem
1256 1031 1503 1096 salvam
1564 1053 1722 1098 esse.
1787 1033 2160 1098 Notandum
2213 1038 2429 1098 tamen
2477 1037 2609 1108 est,

242 1131 585 1200 censualem
636 1137 1094 1221 professionem
1112 1185 1127 1215 ,
1176 1137 1327 1202 licet
1372 1161 1499 1204 non
1549 1138 1738 1204 tollat
1781 1141 1875 1204 rei
1925 1139 2288 1204 dominium
2336 1137 2443 1204 vel
2479 1139 2616 1203 vin-

242 1241 612 1306 dicationem
629 1291 646 1320 ,
694 1247 914 1307 tamen
962 1243 1351 1328 praeiudicio
1399 1245 1736 1309 dominum
1785 1245 2081 1337 adficere,¹
2131 1246 2280 1330 quia
2326 1244 2618 1329 probatio

238 1350 437 1412 inesse
495 1348 807 1412 videatur.
869 1348 1052 1428 Quod
1115 1349 1296 1415 docet
1356 1353 1494 1436 ipse
1560 1348 1780 1417 Oicero
1845 1351 1921 1415 de
1972 1352 2233 1435 ha-rusp.
2283 1371 2445 1435 resp.
2497 1347 2613 1428 (14

242 1453 427 1537 §30),
485 1455 597 1517 ubi
655 1455 729 1518 P.
783 1453 1006 1520 Clodio
1068 1457 1290 1521 obiicit
1308 1503 1325 1534 ‚
1388 1457 1559 1542 quod
1619 1457 1804 1522 aedes
1851 1461 2065 1522 teneat
2083 1507 2099 1535 ,
2148 1458 2260 1522 ubi
2305 1455 2615 1521 sacellum

241 1559 457 1636 fuerit,
508 1558 675 1644 quod
722 1559 1037 1624 tabulis
1084 1562 1521 1640 censoriis,
1570 1562 1851 1626 memoria
1887 1563 2202 1626 multorum
2241 1561 2615 1626 firmaturus

240 1667 317 1728 sit
342 1663 414 1745 ³).
476 1663 747 1730 Senatus
810 1687 1065 1751 quoque
1130 1670 1340 1732 sanxit
1399 1670 1468 1731 in
1528 1667 1645 1733 lite
1708 1668 1980 1733 dominii
2005 1667 2056 1748 ⁴)
2122 1690 2325 1731 census
2371 1669 2435 1731 et
2480 1686 2615 1731 esse

242 1773 677 1836 auctoritatem
747 1773 811 1836 et
881 1775 1191 1838 maiorem
1262 1794 1459 1858 quam
1521 1776 1790 1838 testium
1819 1773 1870 1855 5)
1889 1823 1905 1852 ,
1971 1773 2139 1839 unde
2200 1773 2267 1836 in
2312 1773 2616 1856 finabibns

239 1877 664 1960 quaestionibus
710 1879 1097 1963 sequendam
1144 1881 1362 1944 scribit
1422 1880 1814 1964 Papinianus
1879 1901 2082 1963 census
2139 1878 2632 1958 auctoritatem)-

240 1991 365 2046 ‹mte
412 1983 573 2047 litem
618 1984 951 2048 inchoatam
998 1989 1291 2071 proxime
1337 1986 1609 2050 ordinati
1634 1986 1709 2066 ⁰),
1761 1991 1826 2050 et
1868 1987 2323 2070 imperatorem
2363 2003 2614 2069 expres-

240 2090 353 2152 sim
392 2092 719 2174 excipiunt
758 2091 1067 2160 Arcadius
1106 2096 1171 2155 et
1208 2091 1534 2157 Honorius
1558 2097 1632 2172 ⁷),
1672 2113 1754 2156 ne
1796 2091 1946 2156 huic
1990 2091 2324 2155 dumtaxat
2349 2089 2610 2155 domino

240 2196 467 2258 novella
516 2197 831 2282 professio
893 2197 1321 2282 praeiudicet;
1386 2198 1684 2262 submoto
1742 2200 1915 2262 enim
1963 2221 2004 2260 n
2020 2218 2052 2260 o
2069 2196 2146 2259 vi
2192 2218 2398 2259 census
2431 2217 2614 2277 prae-

236 2301 453 2365 iudicio
473 2350 490 2380 ‚
552 2307 629 2366 ut
687 2303 817 2366 loca
876 2305 962 2366 ad
1018 2326 1247 2366 sacrum
1308 2304 1633 2368 dominium
1664 2303 2045 2385 pertinentia
2097 2351 2110 2366 .
2141 2350 2156 2366 .
2187 2349 2201 2365 .
2232 2350 2246 2367 .
2265 2303 2282 2316 ‘
2295 2303 2614 2364 secundum

238 2407 533 2472 veteris
605 2431 811 2472 census
864 2410 1058 2491 fidem
1125 2410 1192 2472 in
1262 2432 1372 2473 sna
1440 2409 1582 2472 iura
1648 2410 2118 2489 retrah(a)ntnr‚
2189 2408 2610 2492 praecipiunt.

240 2511 415 2578 Vides
480 2516 689 2604 igitur
750 2514 1053 2580 adversus
1116 2518 1445 2601 privatum
1494 2515 1830 2579 dominum
1878 2515 2233 2580 novissimo
2281 2513 2510 2596 cuique
2535 2517 2610 2592 ⁸),

241 2619 533 2684 adversus
577 2622 1031 2705 imperatorem
1080 2599 1521 2686 vetustissimo
1561 2626 1818 2685 tantum
1865 2620 2083 2685 censui
2128 2618 2319 2683 fidem
2366 2618 2608 2683 haberi.

243 2720 591 2791 Habebitur
652 2730 871 2791 autem
934 2729 1151 2792 censui
1214 2726 1367 2792 fides
1421 2750 1546 2793 non
1594 2731 1852 2792 tantum
1897 2729 1963 2791 in
2011 2725 2282 2791 dominii
2325 2724 2442 2791 lite
2488 2726 2613 2811 pri-

236 2837 409 2910 vata,
455 2852 615 2917 quae
652 2852 800 2896 sane
844 2852 1030 2897 causa
1071 2832 1199 2897 fuit
1239 2830 1611 2911 Gizericho,
1643 2838 1721 2897 ut
1745 2837 1881 2897 erat
1904 2832 2197 2897 fortunae
2224 2831 2511 2895 diffidens
2534 2835 2609 2911 ⁰),

234 2958 337 3001 cur
375 2944 522 3022 post
560 2938 847 3001 Africam
884 2959 1243 3023 possessam
1282 2943 1496 3004 omnia
1529 2942 1779 3005 vasaria
1803 2942 2023 3004 statim
2049 2945 2482 3025 corrumperet
2511 2938 2609 3020 ¹⁰),

232 3043 331 3107 sed
376 3044 719 3108 habebitur
763 3046 959 3109 etiam
979 3092 996 3122 ‚
1046 3065 1251 3130 quum
1298 3046 1675 3131 ambigitur.
1695 3045 1771 3109 de
1810 3048 1951 3110 iure
1990 3048 2294 3110 territorii
2313 3093 2329 3123 ,
2370 3045 2438 3109 id
2478 3051 2609 3109 est:

294 3242 339 3300 1)
371 3258 411 3291 e.
449 3241 482 3293 7
518 3242 572 3290 C.
608 3244 653 3291 8.
677 3244 741 3291 53
761 3241 901 3304 (54);
935 3242 995 3290 cf.
1032 3258 1070 3291 e.
1106 3244 1156 3301 4,
1192 3259 1229 3292 c.
1269 3244 1300 3291 8
1335 3243 1437 3292 eod.
1942 3242 1998 3305 2)
2033 3244 2086 3291 L.
2122 3243 2155 3289 4
2191 3244 2262 3303 §4
2299 3244 2358 3292 D.
2395 3243 2574 3291 50.15.

294 3326 343 3385 3)
378 3324 453 3373 cf.
501 3338 691 3387 quoque
734 3338 823 3388 pro
869 3322 1049 3372 Archia
1097 3325 1124 3370 5
1173 3324 1300 3385 §113
1356 3340 1445 3388 pro
1492 3323 1683 3373 Cluent.
1735 3324 1797 3372 14
1830 3324 1959 3385 §413
2019 3323 2240 3382 Mitteis,
2274 3322 2436 3372 Herm.
2475 3324 2610 3371 XXX

236 3405 395 3467 (1895)
428 3422 478 3470 p.
515 3406 662 3455 601⁸.

293 3488 346 3546 4)
376 3486 530 3536 Nulla
564 3486 627 3535 lis
661 3484 919 3551 excipitur.'
1939 3488 1988 3547 5)
2022 3486 2077 3535 L.
2115 3486 2179 3535 10
2215 3488 2274 3535 D.
2308 3485 2388 3536 22.
2410 3487 2459 3534 3.

298 3569 349 3629 6)
382 3569 436 3619 1..
476 3569 536 3617 11
572 3570 636 3617 D.
672 3568 821 3617 10.1.

295 3650 342 3713 7)
375 3666 415 3700 c.
455 3651 518 3699 15
553 3651 604 3700 C.
645 3650 738 3699 Th.
773 3650 904 3716 10.1
934 3671 983 3693 =
1009 3667 1049 3700 c.
1086 3652 1115 3700 3
1152 3651 1205 3701 C.
1246 3649 1375 3702 7.38
1404 3672 1455 3694 =
1479 3668 1518 3700 c.
1556 3652 1589 3700 2
1624 3652 1678 3708 C.
1714 3652 1795 3701 11.
1816 3650 1880 3704 67
1899 3651 2026 3715 (66).

293 3735 340 3794 8)
374 3732 509 3792 Ideo,
544 3732 595 3781 ni
630 3732 790 3791 fallor,
823 3731 939 3796 quia
974 3731 1198 3797 opinione
1234 3732 1485 3782 hominum
1525 3734 1645 3783 vitia
1671 3734 1884 3797 priorum
1917 3747 2134 3783 censuum
2167 3730 2312 3781 editis
2343 3730 2476 3781 novis
2501 3746 2611 3797 pro-

225 3816 511 3879 fessionibus
540 3819 821 3864 evanescunt
859 3814 912 3878 (1.
951 3815 982 3863 2
1020 3816 1077 3863 D.
1116 3816 1191 3865 50.
1219 3814 1326 3878 15).
1362 3816 1505 3879 Quod
1540 3818 1611 3864 est
1646 3815 1972 3867 falsissimum.

297 3899 347 3961 9)
392 3896 761 3961 Procop.‘Bell.
798 3894 947 3944 Vand.
985 3896 1027 3944 I.
1062 3898 1119 3952 4ς
1164 3897 1201 3945 1.
1240 3898 1269 3944 5
1304 3896 1401 3959 (ed.
1441 3897 1596 3945 Bonn.
1632 3913 1679 3961 p.
1717 3895 1812 3946 327
1848 3896 1938 3948 lin.
1973 3895 2115 3956 7-163
2154 3912 2200 3960 p.
2235 3897 2332 3945 833
2367 3894 2454 3946 lin.
2492 3896 2608 3958 3-8).

296 3982 380 4043 10)
422 3980 629 4043 Procop.
682 3978 805 4026 Bell.
844 3978 993 4026 Vand.
1032 3978 1101 4027 II.
1139 3979 1169 4027 8
1205 3978 1233 4028 i.
1276 3978 1309 4027 f.
1346 3978 1446 4044 (ed.
1485 3980 1641 4028 Bonn.
1678 3996 1724 4044 p.
1759 3981 1860 4028 444
1896 3978 1982 4027 lin.
2023 3980 2088 4028 20
2107 3983 2230 4042 sqq.)
2266 4006 2332 4016 —
2363 3979 2464 4028 Par
2497 3978 2610 4027 faci-

233 4077 314 4113 nus
356 4077 442 4112 cur
486 4061 621 4110 Sulla
666 4060 913 4109 admiserit
959 4060 1086 4110 circa
1132 4061 1337 4110 formam
1378 4076 1604 4125 agrorum
1640 4063 2028 4126 Campanorum,
2057 4076 2201 4126 quam
2237 4061 2468 4110 Lentulus
2501 4060 2614 4110 reli·

232 4148 404 4207 querat,
448 4142 587 4192 cuius
632 4142 703 4191 rei
750 4145 992 4192 auctorem
1038 4141 1264 4192 habemus
1310 4144 1548 4192 Granium
1593 4143 1922 4202 Licinianum,
1959 4158 2015 4192 ea
2051 4158 2190 4191 causa
2223 4142 2368 4191 fuisse
2397 4143 2606 4203 videtur,

233 4242 286 4275 ue
332 4240 501 4275 rursus
548 4226 607 4273 ad
653 4224 1028 4288 adsignationem
1076 4224 1427 4289 perveniretur,
1475 4227 1730 4291 postquam
1776 4241 1948 4289 magua
1995 4224 2045 4273 vi
2080 4227 2319 4273 everterat
2351 4225 2606 4274 Iunianum

234 4308 459 4356 coloniam
493 4306 617 4369 (Cic.
653 4306 711 4353 de
744 4305 837 4368 leg.
864 4320 965 4369 agr.
999 4306 1072 4355 11.
1102 4307 1166 4354 34
1185 4308 1207 4367 ς
1225 4307 1331 4369 92).
1368 4308 1505 4371 Quae
1539 4310 1703 4355 tamen
1737 4322 1842 4371 spes
1875 4306 2048 4355 fefellit
2083 4305 2239 4370 (Suet.
2255 4306 2297 4355 Ι.
2315 4307 2402 4365 203
2441 4306 2511 4356 H.
2531 4307 2608 4371 4).

232 4389 457 4439 Similiter
491 4403 554 4437 ne
587 4386 863 4436 Gizerichus
894 4387 1087 4451 quidem
1123 4403 1403 4451 praecavere
1429 4389 1621 4453 potuit,
1650 4405 1711 4437 ne
1744 4387 2071 4438 vandalorum
2101 4390 2254 4437 sortes
2283 4403 2313 4437 a
2337 4388 2606 4437 Iustiniano

232 4470 587 4535 publicarentur
630 4468 856 4534 (Procop.
901 4466 1025 4517 Bell.
1062 4466 1217 4517 Vand.
1254 4470 1327 4518 11.
1368 4472 1430 4518 14
1465 4472 1556 4531 (ed.
1596 4472 1735 4521 Bonn
1771 4487 1817 4535 p.
1856 4468 1954 4521 470
1989 4469 2076 4519 lin.
2112 4470 2264 4532 9-19).
2314 4470 2442 4518 Nam
2478 4470 2602 4520 Nor.

232 4553 291 4601 85
322 4553 481 4616 (Zach.
518 4552 576 4615 8)
610 4550 851 4615 pertinere
883 4549 1093 4610 videtur,
1128 4550 1187 4599 ad
1220 4553 1413 4601 mutuas
1446 4553 1679 4603 Afrorum
1714 4552 2063 4619 spoliationes).
