3351 5463
645 377 777 443 230
1382 395 1529 452 Qum
1576 393 1693 442 EST
1742 395 1827 438 το
1872 393 2274 462 ‘mereamur

642 558 947 624 culcitam
1009 563 1113 624 cui
1175 557 1363 643 pellis
1427 558 1618 624 ovilis
1679 580 1794 643 pro
1859 558 2167 644 stragula·
2208 563 2383 624 veste
2430 563 2629 637 esset,
2679 559 2789 625 sed
2833 559 2986 626 illos
3004 608 3024 639 ,

645 686 796 729 cum
833 671 1091 750 propter
1127 685 1456 729 remorum
1476 663 1970 749 -longitudinem
1992 664 2344 728 identidem
2369 664 2668 729 deberent
2691 685 3026 752 assurgere

643 775 708 834 et
768 770 991 834 deinde
1050 773 1265 854 supini
1324 769 1601 834 recidere
1660 772 1728 832 in
1793 768 2098 834 subsellia
2115 817 2132 846 ‚
2199 768 2318 833 tali
2361 769 2676 852 praesidio
2721 771 3024 836 adversus

641 876 893 938 natium
930 875 1251 939 frictiones
1290 877 1402 939 vix
1441 877 1728 958 potuisse
1766 893 2008 950 carere3
2051 877 2119 938 in
2160 876 2411 940 triremi
2447 879 2664 954 autem
2703 874 2868 939 nihil
2904 875 3027 940 hoc

641 1000 895 1044 necesse
940 979 1169 1057 fuisse,
1220 1000 1370 1044 cum
1414 982 1579 1046 remi
1623 1000 1750 1043 non
1798 978 1972 1042 ultra
2015 978 2290 1042 sedecim
2337 978 2528 1063 pedes
2571 978 2754 1064 longi
2792 985 3021 1044 essent.

730 1085 807 1148 In
845 1085 1215 1150 triremibus
1256 1106 1413 1169 opus
1451 1107 1576 1149 non
1613 1085 1810 1148 fuisse
1847 1089 1923 1148 ut
1961 1086 2238 1169 remiges
2279 1089 2686 1169 assurgerent
2712 1089 2778 1148 et
2799 1085 3028 1151 deinde

638 1192 924 1274 resupini
968 1179 1037 1252 in
1086 1189 1385 1255 subsellia
1432 1189 1782 1254 reciderent
1801 1237 1816 1265 ,
1858 1189 2134 1253 libenter
2171 1190 2442 1254 concedo
2461 1237 2478 1266 ,
2523 1210 2914 1274 quamquam
2951 1190 3022 1254 id

639 1315 1119 1378 nonnumquam
1158 1295 1323 1359 ‘fieri
1392 1294 1658 1359 solitum
1715 1315 1850 1386 epse
1913 1293 1954 1358 J
1956 1293 2146 1358 allius
2209 1297 2739 1362 commonstravit
2797 1299 2866 1359 in
2925 1286 3023 1360 .Εά

640 1401 839 1463 Flotte
901 1403 975 1463 de
1040 1399 1217 1463 Cesar
1261 1422 1351 1485 p..
1378 1398 1543 1464 145:
1611 1399 1713 1477 „11
1754 1421 1833 1464 ne
1871 1399 2014 1463 faut
2062 1419 2176 1484 pas
2223 1398 2474 1464 oublier
2516 1421 2639 1485 que
2682 1398 2776 1465 les
2823 1399 3027 1465 thala·

639 1509 830 1570 mites
847 1552 864 1581 ‚
932 1526 1180 1570 comme
1243 1504 1333 1569 les
1396 1509 1609 1569 autres
1671 1525 1959 1569 rameurs
1977 1553 1994 1581 ,
2057 1525 2222 1588 pour
2276 1504 2432 1569 faire
2451 1553 2467 1581 ‚
2519 1506 2557 1569 a
2601 1527 2690 1568 un
2734 1511 3022 1570 moment

640 1611 876 1685 donne,
940 1609 1033 1674 les
1092 1609 1241 1694 plus
1300 1610 1537 1695 grands
1596 1609 1812 1674 efforts
1873 1608 2178 1694 possibles
2241 1630 2396 1674 avec
2438 1609 2613 1674 leurs
2661 1612 2914 1675 avirons
2959 1615 3028 1675 et

640 1717 889 1780 obtenir
944 1713 1037 1778 les
1098 1713 1427 1780 meilleurs
1488 1713 1663 1778 effets
1682 1761 1699 1790 ‚
1765 1733 1830 1778 se
1893 1713 2175 1778 levaient
2235 1712 2314 1778 de
2371 1713 2512 1778 leur
2569 1715 2726 1778 banc
2771 1713 2896 1778 afin
2945 1713 3024 1778 (16

638 1826 851 1906 porter
914 1818 975 1884 le
1043 1819 1189 1904 plus
1257 1820 1391 1885 loin
1457 1818 1648 1903 qu’ils
1711 1821 2058 1908 pouvaient
2118 1820 2156 1883 a
2213 1818 2496 1884 l'arriere
2559 1819 2648 1882 du
2691 1821 2911 1884 navire
2956 1818 3023 1882 la

637 1923 1032 2010 poignee-de
1078 1923 1220 1988 leur
1266 1945 1477 2002 rame,
1529 1925 1886 1989 d'enfoncer
1931 1922 2072 1987 leur
2113 1921 2315 1988 levier
2362 1923 2514 1988 dans
2551 1923 2759 2000 1’6611,
2801 1929 2899 1999 et,
2945 1943 3026 1986 en

636 2030 999 2094 retombant
1060 2050 1170 2093 sur
1230 2028 1401 2093 leurs
1467 2029 1673 2114 sieges
1695 2077 1710 2104 ‚
1779 2029 1856 2092 de
1903 2027 2178 2092 l'attirer
2223 2029 2261 2091 a
2310 2049 2433 2092 eux
2473 2027 2734 2113 jusqu'a
2779 2048 2848 2092 66
2897 2048 3026 2112 que

636 2133 695 2199 16
758 2134 1047 2198 manche.
1087 2135 1316 2198 touche
1378 2132 1521 2197 leur
1580 2135 1876 2217 poitrine.
1942 2131 2182 2196 Lucain
2242 2153 2280 2196 a
2336 2133 2636 2198 tres-bien
2684 2132 2882 2197 decrit
2926 2132 3024 2197 les

638 2240 805 2304 deux
854 2239 1133 2302 derniers
1177 2244 1625 2304 mouvements
1669 2239 1746 2302 (16
1793 2237 1858 2302 16
1905 2258 2070 2323 nage
2119 2236 2448 2322 allongee,‚
2493 2238 2702 2320 quand
2738 2236 2788 2301 il
2829 2258 2868 2300 a
2904 2236 3025 2313 dit,

637 2343 752 2408 liv.
801 2342 916 2408 III.
960 2365 1055 2408 vs.
1107 2342 1273 2408 541:

848 2435 859 2446 ⁰
1968 2447 2136 2512 Tum
2185 2446 2436 2512 caerula
2480 2452 2746 2512 verrunt

817 2556 1029 2638 Atque
1074 2557 1143 2616 in
1190 2559 1464 2617 transtra
1512 2553 1779 2628 cadunt,
1832 2558 1895 2616 et
1943 2554 2136 2616 remis
2179 2556 2437 2637 pectora
2481 2551 2807 2635 pulsant.''
2869 2637 2877 2641 .

636 2659 706 2724 Si
752 2662 896 2744 quis
941 2660 1061 2724 hoc
1108 2662 1265 2724 66116
1314 2665 1525 2735 curat,
1576 2679 1834 2722 summa
1879 2660 2123 2722 virium
2161 2659 2433 2720 intentio
2451 2703 2466 2734 ,
2510 2657 2586 2720 de
2625 2677 2752 2739 qua
2789 2653 3026 2738 Jallius

638 2765 944 2849 loquitur,
994 2763 1241 2831 Gallice
1288 2766 1524 2828 dicitur
1573 2786 1705 2841 „un
1752 2762 2124 2849 enlevage'',
2175 2760 2446 2847 Anglice
2496 2783 2574 2838 „a
2622 2761 2870 2846 spurt.''

728 2869 851 2933 Sed
911 2891 1037 2933 non
1098 2872 1511 2953 requiruntur
1568 2869 1817 2933 insoliti
1863 2872 1976 2933 isti
2024 2870 2298 2952 corporis
2345 2872 2561 2931 motus
2608 2868 2689 2932 ad
2737 2870 3026 2931 cuiusvis

635 2977 901 3059 remigis
968 2979 1148 3039 nates
1214 2972 1639 3038 vulnerandas
1658 3021 1674 3050 ‚
1747 2976 1858 3057 qui
1920 2972 2317 3056 aliquamdiu
2377 2975 2446 3036 in
2507 2972 2677 3037 nudo
2741 2956 3020 3037 transtro

636 3080 855 3144 sedens
902 3085 1106 3143 artem
1153 3100 1336 3143 suam
1382 3084 1692 3143 exerceat.
1743 3077 1909 3144 Oum
1955 3099 2186 3161 corpus
2227 3080 2517 3161 superius
2559 3081 2720 3154 viri,
2762 3098 3018 3141 remum

632 3187 1015 3270 porrigentis
1034 3166 1072 3261 ,”
1097 3184 1447 3249 identidem
1493 3184 1774 3267 proclive
1819 3183 1892 3246 fit
1937 3204 2008 3247 66
2026 3232 2042 3259 ,
2093 3183 2384 3246 bracchia
2429 3204 2545 3265 per
2587 3182 2788 3246 latera
2827 3187 3020 3246 attra-

632 3289 873 3365 hentis,
920 3295 1093 3353 retro
1138 3294 1437 3353 movetur
1481 3291 1653 3367 (unis
1701 3288 2010 3352 bracchiis
2053 3290 2330 3372 remigat
2367 3292 2617 3365 nemo),
2659 3291 2738 3361 et*
2761 3289 3016 3351 natium

632 3399 841 3479 partes
902 3394 1092 3457 modo
1154 3396 1501 3457 anteriores
1562 3392 1749 3457 modo
1811 3394 2188 3476 posteriores
2250 3385 2398 3455 una'
2435 3397 2780 3457 moventur
2823 3397 3018 3475 atque

630 3500 896 3563 transtri
954 3500 1275 3583 margines
1333 3500 1617 3562 vicissim
1680 3503 1976 3581 tangunt.
2047 3496 2368 3579 Expertus
2428 3495 2688 3579 loquor:
2754 3498 2810 3559 61
2871 3498 3014 3579 quis

632 3603 877 3688 aliquot
922 3603 1107 3666 horas
1156 3605 1487 3666 continuas
1530 3605 1601 3665 in
1648 3600 1832 3665 firmo
1881 3621 2134 3665 scamno
2183 3601 2402 3665 sedens
2447 3603 2768 3685 remigare
2814 3598 3012 3677 velit,

632 3708 867 3772 culcita
912 3727 1121 3771 carere
1168 3728 1291 3771 non
1342 3709 1605 3789 poterit.

719 3812 945 3876 Restat
991 3816 1065 3874 ut
1113 3811 1443 3876 ostendam
1488 3812 1557 3874 τὸ
1606 3811 1916 3889 ὑπηρέσιον
1965 3808 2293 3873 sacculum
2338 3830 2472 3873 esse
2519 3830 2643 3873 non
2689 3811 3011 3893 potuisse,

629 3917 697 3980 id
759 3916 926 4000 quod
985 3919 1087 3981 vir
1133 3915 1210 3979 cl.
1262 3915 1391 3979 fflio
1438 3918 1806 3979 centurione
1852 3914 2173 3978 classiario
2221 3913 2524 3978 suadente
2575 3914 3014 3996 comprobavit

630 4025 695 4084 et
741 4019 1068 4084 defendere
1114 4024 1377 4085 conatus
1426 4024 1523 4083 est
1567 4042 1627 4102 p.
1681 4018 1833 4082 266.
1885 4017 2087 4096 Quid,
2139 4039 2330 4103 rog0‚
2385 4015 2776 4082 Graecorum
2823 4018 3013 4081 sociis

628 4122 962 4188 navalibus
1024 4144 1182 4207 opus
1244 4124 1367 4195 fuit
1432 4122 1509 4187 (16
1554 4125 1637 4186 116
1685 4123 1872 4187 rebus
1892 4171 1907 4198 ‚
1959 4142 2114 4205 quas
2161 4127 2408 4186 nostros
2453 4123 2522 4185 in
2569 4120 2817 4185 sacculo
2868 4142 3032 4185 con-.

628 4248 880 4291 servare
931 4224 1235 4291 tradidit?
1297 4224 1832 4314 Quomodoqlooi,
1883 4247 2041 4309 quos
2091 4225 2352 4302 attulit,
2400 4228 2593 4289 istam
2639 4227 3015 4309 interpreta-

628 4334 872 4410 tionem
917 4338 1179 4415 possunt
1226 4328 1555 4395 stabilire?
1603 4332 1728 4394 Per
1776 4330 2065 4395 ordinem
2113 4351 2219 4395 eos
2268 4330 2756 4395 consideremus·
2828 4328 3014 4393 Plut.

630 4437 857 4501 Them.
906 4436 981 4499 4:
1046 4435 1115 4501 τὸ
1165 4434 1295 4515 δόρυ
1344 4436 1447 4501 καὶ
1500 4438 1608 4507 τὴν
1655 4435 1897 4507 ’ἀσπίδα
1943 4442 2058 4499 τῶν
2109 4442 2368 4501 πολιτῶν
2419 4434 2869 4515 παρελόμενος,
2921 4434 3014 4506 εἰς
