3351 5463
1341 389 1631 442 isumus.
2535 372 2672 439 225

299 559 555 624 amabat
615 558 925 644 asyndeta
988 559 1291 623 orationis
1358 558 1738 622 bimembris
1757 605 1772 634 ,
1843 561 1919 621 ut
1989 553 2286 642 plurimis
2359 555 2671 641 exemplis

299 663 764 731 demonstravit
817 664 908 729 Io.
954 663 1303 740 MuHerus‚
1356 663 1654 749 Beitrage
1703 684 1814 728 zur
1861 662 2084 726 Kritik
2129 663 2261 726 und
2305 661 2679 746 Erklarung

298 768 413 834 des
458 769 751 848 Tacitus,
800 769 950 834 fase.
999 769 1050 836 Ι.
1099 792 1161 854 p.
1215 767 1459 833 6—12.

391 1000 442 1066 Ι.
495 1000 601 1068 76.
664 1010 823 1066 metu
879 1025 951 1065 ac
1010 1001 1357 1068 necessitate
1417 1002 1531 1064 hue
1592 999 1745 1063 ilbuc
1791 1002 2187 1065 mutabantur.
2239 1000 2563 1076 Praestat,
2612 1001 2681 1064 ni

168 1179 175 1208 Ι
296 1107 508 1184 fallor,
558 1108 869 1199 nutabant.
921 1104 1018 1173 Cf.
1067 1106 1183 1171 HI.
1235 1107 1317 1170 61
1370 1114 1593 1170 terrore
1622 1108 1924 1193 famaque
1969 1106 2134 1169 aucti
2172 1106 2462 1170 exereitus
2501 1106 2559 1169 V
2550 1106 2685 1169 itel-

296 1213 509 1278 lianae
555 1215 817 1278 cohortes
860 1215 1171 1277 nutabant.
1220 1211 1365 1277 IIII.
1417 1209 1502 1276 52
1552 1219 1718 1275 tanto
1767 1211 2112 1276 discrimine
2157 1213 2295 1274 urbs
2339 1213 2604 1275 nutabat.

393 1429 444 1494 Ι.
493 1427 602 1496 87.
651 1453 851 1494 euram
896 1431 1138 1494 navium
1184 1431 1468 1494 Moschus
1507 1430 1755 1502 libertus
1791 1431 2102 1508 retinebat,
2145 1432 2230 1494 ad
2265 1428 2683 1493 observandam

297 1534 701 1598 honestiorum
731 1537 923 1618 fidem
968 1535 1283 1599 invitatus.
1333 1534 1471 1600 Viri
1519 1534 1688 1599 docti
1735 1534 2040 1600 ultimam
2075 1555 2301 1600 voeem
2341 1536 2518 1599 varie
2560 1553 2687 1597 cor-

296 1642 511 1724 rigere
550 1642 760 1705 eonati
798 1647 967 1705 sunt.
1009 1639 1151 1704 Vid.
1196 1636 1481 1706 Oberlini
1518 1641 1860 1708 adnotatis.
1901 1638 2189 1706 Ritterus
2227 1642 2389 1705 coni.
2423 1637 2678 1717 inditus,

299 1743 581 1810 Haasius
640 1746 1002 1809 stimulatus.
1066 1745 1279 1810 Miror.
1333 1747 1577 1810 nemini
1622 1749 1691 1810 in
1737 1753 2022 1811 mentem
2068 1748 2317 1811 venisse
2364 1744 2648 1808 initiatus
2668 1792 2684 1822 ‚

205 1887 211 1891 ·
300 1851 367 1915 id
429 1858 525 1916 est
542 1900 559 1930 ‚
624 1854 985 1916 institutus.
1049 1848 1145 1917 Of.
1210 1851 1407 1916 Plinii
1471 1851 1677 1935 Epist.
1728 1851 1803 1916 V.
1873 1851 1954 1915 15
2023 1851 2170 1914 abiis
2226 1850 2451 1914 chartis
2470 1898 2487 1927 ‚
2541 1849 2688 1913 abiis

301 1977 430 2018 sum
475 1956 701 2020 bitteris
746 1956 1031 2020 initiatus
1080 1961 1144 2021 et
1192 1953 1545 2022 Gatanaeus
1592 1957 1670 2020 ad
1718 1978 1769 2022 e.
1819 1956 1864 2021 1.
1961 2017 1982 2040 ,

396 2188 511 2270 ΙΙΙ.
544 2187 648 2254 13.
691 2189 807 2253 Sed
826 2190 929 2253 ubi
954 2189 1097 2254 totis
1119 2189 1333 2253 eastris
1355 2189 1619 2274 informa
1630 2190 1928 2273 proditio,
1956 2213 2264 2254 recurrens
2287 2187 2355 2253 in
2374 2188 2687 2273 principia

306 2294 475 2357 miles
488 2293 939 2376 praescriptum
969 2295 1326 2377 Vespasiani
1348 2317 1575 2373 nomen,
1590 2296 1896 2378 proiectas
1924 2297 1982 2360 V
1973 2296 2162 2359 itelbii
2187 2295 2405 2378 effiqies
2429 2295 2686 2378 aspexit,

307 2406 536 2462 vastum
582 2399 787 2481 primo
841 2401 1180 2480 silentium,
1230 2423 1362 2485 moaj
1408 2408 1619 2464 cuncta
1664 2401 1850 2464 simul
1893 2408 2226 2483 erumpunt.
2291 2401 2439 2466 Sine
2488 2401 2684 2466 dubio

308 2526 436 2568 non
466 2505 747 2586 proditio
763 2553 780 2584 ,
840 2506 949 2571 sed
993 2506 1163 2568 miles
1209 2512 1307 2570 est
1351 2507 1713 2572 subiectum
1761 2513 2118 2592 protaseos:
2167 2507 2270 2569 ubi
2296 2545 2379 2556 —-
2405 2506 2577 2569 miles
2601 2543 2686 2556 —

307 2610 542 2690 aspexit
558 2657 575 2687 ,
641 2617 871 2674 vastum
920 2611 1123 2693 primo
1184 2610 1492 2674 silentium
1555 2618 1670 2691 (est
1715 2612 1820 2677 vel
1849 2613 2047 2698 fuit).
2113 2611 2336 2696 Itaque
2388 2611 2503 2676 illa
2550 2611 2691 2675 totis

307 2715 525 2779 eastris
590 2714 659 2779 in
714 2716 907 2802 fama
962 2716 1238 2798 proditio
1308 2715 1476 2781 male
1545 2719 2027 2803 interrumpunt
2091 2719 2475 2783 sententiam
2495 2765 2510 2795 ,
2574 2739 2690 2783 nee

306 2821 589 2906 proditio
652 2828 863 2907 potest
924 2822 1050 2886 diei
1114 2843 1247 2887 esse
1306 2822 1373 2885 in
1416 2823 1607 2907 fama
1627 2872 1643 2901 ,
1694 2829 1770 2887 ut
1816 2824 2214 2909 significetur
2262 2826 2400 2887 eius
2437 2824 2689 2887 ⁴famam

306 2925 607 3011 evulgari
625 2974 641 3004 ‚
711 2927 879 3011 quod
942 2930 1194 2992 monuit
1250 2927 1625 3014 Madvigius
1672 2929 1836 2994 Adv.
1887 2933 2022 2995 erit.
2075 2928 2170 2993 III
2215 2952 2278 3015 p.
2331 2928 2484 2993 241.
2511 2928 2692 2992 'Eius

307 3034 673 3097 coniectura
716 3033 769 3095 it
789 3033 980 3118 fama
1010 3033 1287 3114 proditio
1326 3055 1451 3098 non
1490 3038 1702 3121 magis
1742 3037 1958 3111 iuvat,
2001 3055 2198 3120 quam
2221 3035 2456 3099 Ritteri
2479 3037 2691 3119 opinio

310 3137 385 3200 in
429 3138 619 3223 fama
678 3137 979 3202 similiter
1041 3138 1289 3202 dietum
1349 3158 1483 3203 esse
1526 3146 1604 3203 ut
1651 3139 1807 3205 alias
1854 3141 1922 3205 in
1969 3140 2235 3221 ambiquo
2254 3189 2269 3217 ,
2318 3140 2387 3203 in
2432 3126 2660 3225 ineerta
2676 3185 2692 3214 ,

312 3242 385 3305 in
447 3244 735 3329 confesso,
800 3243 1174 3327 Requiritur
1235 3242 1553 3308 ablativus
1616 3249 2100 3329 consequentiae
2165 3252 2229 3309 et
2291 3244 2693 3335 scribendum

313 3353 450 3413 est:
515 3348 657 3411 totis
716 3350 933 3413 eastris
994 3349 1303 3433 infamata
1352 3350 1736 3432 proditione,
1801 3352 1868 3415 id
1925 3358 2054 3428 est,
2106 3372 2308 3436 quum
2351 3371 2573 3414 rumor
2619 3349 2695 3413 de

312 3453 676 3539 proditione
746 3448 1051 3521 Caecinae
1119 3461 1257 3520 tota
1326 3462 1532 3522 eastra
1598 3460 1980 3541 pervasisset
2050 3460 2115 3521 et
2181 3456 2441 3520 infamis
2511 3459 2696 3519 esset.

311 3557 600 3623 Verbum
654 3561 963 3646 infamare
1022 3582 1135 3645 pro
1198 3561 1505 3625 infamem
1566 3562 1824 3627 reddere
1883 3561 2128 3648 legitur
2174 3560 2346 3625 Hist.
2396 3560 2447 3623 I.
2499 3560 2584 3623 64
2633 3566 2697 3624 et

312 3662 431 3728 ΠΙ.
482 3661 568 3729 62
614 3670 680 3729 et
726 3666 977 3750 saepius
1022 3668 1092 3729 in
1140 3665 1523 3745 Quintiliani
1573 3666 1730 3731 Inst.
1781 3666 1954 3732 Orat.

410 3898 555 3965 1111.
589 3901 693 3965 11.
732 3898 1119 3986 Calpurnius
1127 3903 1288 3987 fuso
1299 3923 1417 3985 per
1438 3922 1617 3966 venas
1640 3900 1931 3981 sanquine
1956 3899 2344 3979 eatinyuitur.
2373 3897 2694 3977 Quamdiu

316 4009 583 4091 sanguis
648 4006 943 4071 funditur
1002 4006 1108 4071 vel
1166 4010 1492 4094 spargitur
1553 4028 1666 4093 per
1715 4026 1906 4071 venas
1927 4055 1943 4083 ‚
1991 4006 2184 4069 homo
2231 4006 2400 4069 vivit
2417 4026 2432 4085 ;
2483 4009 2699 4069 eontra

317 4113 764 4197 exstinguitur
824 4114 1135 4197 sanguine
1197 4133 1274 4176 ex
1336 4115 1516 4178 venis
1578 4112 1742 4176 fuso.
1799 4111 1971 4196 Ergo
2018 4131 2149 4195 pro¹
2165 4130 2284 4191 per
2330 4131 2508 4171 venas
2557 4110 2702 4172 seri-

318 4215 605 4281 bendum
665 4236 886 4281 censeo
950 4240 1021 4281 ea·
1082 4218 1279 4295 venis,
1330 4218 1497 4303 quod
1545 4219 1856 4281 sententia
1903 4215 2225 4302 postulat,
2253 4216 2394 4279 'etsi
2441 4234 2564 4278 non
2606 4216 2706 4277 in-

314 4319 564 4406 tellego
614 4321 931 4405 quomodo
984 4320 1181 4406 'prava
1224 4325 1538 4407 scriptura
1583 4343 1661 4386 ex
1706 4327 1878 4386 reeta
1925 4322 2078 4385 oriri
2127 4322 2428 4405 potuerit.

2350 4581 2413 4628 15
