3351 5463
1304 385 1692 434 Ansonrnus.
2599 368 2684 434 39
2800 393 2805 400 ·

406 548 637 634 Agam.
694 545 866 614 14'74
926 548 1202 635 Blaydes
1253 551 1416 630 „Qu.
1469 547 1647 627 ὕμνον
1701 551 1911 627 ὑμνεῒς
1960 551 2311 632 ἀπεύχετον
2364 552 2685 631 (δόμοις).

310 654 578 719 Praeter
637 654 842 731 δόμοις
902 656 1073 719 idem
1130 659 1434 741 proposui
1477 657 1723 722 Mnem.
1774 656 2011 734 XXIII,
2066 654 2192 723 14¹7
2218 679 2309 742 sq.
2359 658 2469 722 ubi
2518 678 2691 748 praej

305 764 484 824 terea
530 759 884 835 ἐκνόμως
909 807 926 838 ,
975 761 1223 839 absone,
1277 764 1499 846 scripsi
1542 783 1658 847 pro
1710 761 1985 838 ἐννόμως.
2084 859 2089 864 “

405 940 641 1027 Agam.
685 939 860 1006 1493
900 947 955 1023 Φ
973 943 1001 1005 θ
1022 967 1038 1006 ι
1057 941 1201 1019 σίψ
1221 964 1320 1021 vx
1339 967 1366 1006 ο
1385 967 1412 1005 ν
1452 964 1566 1027 pro
1593 942 1893 1021 ἰσόψυχον
1918 945 2222 1028 proposui
2242 942 2317 1006 Ε.
2342 943 2418 1007 A.
2445 964 2509 1028 p.
2539 941 2689 1019 142,

309 1048 428 1112 ubi
473 1050 582 1134 egi
626 1047 703 1112 de
750 1052 882 1114 toto
925 1047 1062 1114 loco
1108 1048 1570 1114 constituenda

401 1230 635 1316 Agam.
687 1227 859 1293 1591
908 1235 974 1294 et
1026 1227 1199 1294 1595
1246 1235 1323 1294 ut
1370 1232 1618 1314 spurios
1663 1231 1884 1295 notavi
1929 1229 2025 1294 1.1.

403 1410 637 1495 Agam.
691 1409 864 1474 1608
915 1411 1196 1489 »θυραῖος
1242 1412 1345 1493 ὤν]
1383 1413 1428 1474 1.
1454 1432 1510 1475 e.
1555 1409 1777 1488 καίπερ
1818 1412 1883 1474 οὐ
1924 1409 2170 1487 παρών”
2215 1408 2510 1495 BlaydeS.
2550 1408 2691 1494 Ego

307 1515 388 1579 E.
416 1515 509 1579 M.
573 1537 636 1600 p.
691 1514 818 1579 143
883 1525 1025 1595 (nec
1087 1521 1271 1581 muto
1338 1518 1747 1596 sententiam)
1809 1515 2161 1580 scribebam
2225 1514 2485 1598 „Neque
2515 1515 2693 1599 foris

305 1620 416 1698 (cf.
482 1617 638 1686 cho.
709 1620 862 1699 115)
931 1620 1282 1707 Aegisthus
1346 1613 1896 1707 Agamemnonem
1967 1625 2080 1684 aut
2139 1621 2207 1684 vi
2268 1624 2381 1683 aut
2440 1619 2691 1682 insidiis

305 1727 661 1810 petiverat,
724 1725 833 1790 sed
894 1724 1069 1790 domi
1131 1725 1235 1805 (cf.
1284 1726 1409 1811 Ag.
1467 1725 1637 1790 1625
1664 1731 1807 1810 sq.)‚
1873 1732 1983 1788 nec
2056 1745 2180 1808 quo
2226 1744 2415 1788 sensu
2462 1723 2696 1786 alienus
2814 1754 2825 1772 ·

311 1830 634 1894 diceretur
694 1851 1010 1914 assequor.
1080 1830 1223 1894 Nisi
1285 1833 1544 1917 egregie
1587 1829 1795 1906 fallor,
1846 1835 2033 1915 poeta
2078 1829 2336 1894 dederat
2399 1830 2440 1893 ἀ
2459 1853 2487 1906 ρ
2510 1854 2549 1890 α
2569 1836 2637 1892 ῖο
2659 1851 2687 1898 ς

305 1938 570 2000 notione
633 1937 1001 2012 transitiva,
1067 1942 1143 2000 ut
1205 1935 1595 2000 vocabulum
1658 1934 2001 2019 Sophocles
2065 1935 2405 2019 usurpavit
2465 1932 2689 1997 Trach.

310 2039 495 2106 1202
543 2041 620 2104 de
667 2061 739 2107 eo
785 2041 890 2126 qui
939 2041 1128 2104 Diras
1176 2041 1365 2104 alicui
1411 2040 1840 2122 imprecatur''.

407 2235 691 2323 Ohoeph.
745 2235 829 2302 35
894 2237 1217 2314 ἀμβόαμα
1267 2275 1352 2285 -
1402 2236 1577 2314 περὶ
1629 2237 1876 2314 φόβῳ.
1930 2236 2006 2299 Ε.
2032 2236 2110 2300 A.
2161 2258 2222 2321 p.
2279 2233 2405 2300 143
2454 2237 2692 2300 conieci

302 2367 362 2408 ιι·
384 2369 426 2406 α
445 2343 649 2424 ρ’ἀφο
668 2367 806 2423 ρον.
850 2341 947 2409 Of.
989 2343 1274 2429 Hesych.
1317 2364 1364 2407 s.
1393 2364 1455 2408 v.
1495 2343 1769 2406 Eumen.
1804 2341 1957 2407 330.
1987 2341 2137 2406 342.
2178 2339 2441 2406 Lucian.
2466 2341 2689 2406 Amor.

305 2450 598 2526 ἐμμανὲς
646 2473 704 2513 τι
755 2448 859 2513 καὶ
909 2448 1380 2528 παράφορον
1427 2449 1819 2524 ἀναβοᾶν.

404 2643 563 2711 Cho.
620 2643 701 2708 61
730 2665 862 2730 sqq.
927 2643 1022 2708 De
1069 2644 1264 2708 huius
1310 2644 1434 2708 loci
1478 2646 2002 2728 interpretatione
2049 2646 2157 2729 egi
2202 2643 2276 2707 E.
2305 2644 2379 2707 A.
2431 2666 2492 2729 p.
2541 2641 2689 2719 144,

296 2752 431 2817 ubi
500 2771 592 2816 vs.
643 2748 726 2815 65
791 2751 1188 2837 corrigebam
1250 2751 1392 2821 τοὺς
1454 2748 1526 2827 δ’,
1591 2747 1859 2828 ἄκρατος
1923 2750 2100 2813 ἐπεὶ
2165 2755 2304 2835 (pro
2360 2748 2524 2831 ἔχει)
2584 2746 2693 2825 νύξ

296 2863 424 2939 (se.
475 2856 686 2937 ἐστίν).
1766 2857 1770 2862 ’

403 3065 558 3134 0110.
615 3066 741 3132 142
813 3068 958 3140 ἡμῖν
1007 3066 1120 3140 μὲν
1168 3066 1371 3145 εὐχὰς
1420 3064 1647 3143 τάσδε,
1701 3073 1827 3136 τοῖς
1876 3065 1930 3128 δ’
1980 3065 2269 3136 ἐναντίοις

806 3172 971 3251 λέγω
1014 3173 1290 3260 Φανῆναί
1338 3195 1477 3249 σου,
1529 3172 1765 3250 πάτερ,
1816 3173 2121 3249 τιμάορον,

808 3278 940 3341 καὶ
993 3277 1134 3349 τοὺς
1183 3278 1528 3348 κτανόντας
1578 3279 2047 3341 ἀντικατθανεῖν
2096 3276 2340 3350 δίκην.

289 3384 585 3470 Blaydes
628 3383 763 3469 legi
805 3384 986 3448 iubet
1033 3384 1469 3447 ἀντιτίσασθαι
1491 3431 1507 3459 ,
1557 3382 1726 3467 quod
1772 3384 1903 3445 iam
1954 3382 2327 3467 expectabat
2365 3380 2688 3445 Wecklein

290 3492 430 3570 (sic
477 3494 588 3553 aut
635 3477 1134 3569 ἀπαμύνασθαι)
1182 3492 1330 3573 apta
1375 3508 1524 3553 sane
1571 3490 1901 3552 sententia.
1962 3486 2085 3553 Sed
2130 3486 2278 3551 vide
2326 3508 2402 3551 ne
2449 3486 2688 3552 leniore

289 3615 510 3661 manu
554 3593 1003 3681 corrigendum
1049 3595 1133 3657 sit

803 3701 900 3769 ὥς
949 3697 1091 3768 τοὺς
1139 3695 1484 3767 κτανόντας
1533 3694 2003 3760 ἀντικατθανεῖν
2052 3695 2183 3768 δίκη

289 3827 388 3871 sc.
443 3804 629 3869 ἐστίν.
677 3802 874 3889 Saepe
921 3823 958 3867 a
1002 3802 1280 3867 librariis
1329 3801 1629 3866 confundi
1678 3804 1756 3872 ὥς
1803 3806 1867 3865 et
1918 3801 2016 3864 καὶ
2069 3822 2254 3865 nemo
2300 3803 2574 3887 ignorat.

395 4016 558 4085 Cho.
611 4016 736 4081 185
809 4015 874 4090 ἐξ
921 4015 1217 4092 όμμάτων
1267 4015 1330 4079 δὲ
1377 4014 1632 4092 δίψιοι
1683 4012 1980 4077 πίπτουσί
2026 4035 2126 4088 μοι

655 4120 660 4127 ’
800 4120 1110 4198 ’σταγόνες
1160 4118 1469 4200 ἅφαρκτοι
1522 4119 1829 4198 δυσχίμου
1878 4117 2343 4195 πλημμυρίδος,

283 4230 580 4317 Blaydes
645 4228 901 4311 ,,δίψιοι]
958 4227 1348 4323 δίπτυχοι
1416 4225 1677 4291 Herw.''
1743 4223 1841 4289 Ita
1890 4225 2128 4289 conieci
2172 4223 2290 4287 Ex.
2340 4220 2523 4301 orit„
2575 4224 2682 4288 sed

281 4339 510 4405 lenius
579 4340 798 4419 postea
867 4332 942 4397 Ε.
972 4333 1045 4399 Α.
1110 4354 1172 4417 p.
1245 4331 1372 4396 145
1437 4330 1725 4407 διψίαν
1789 4329 2142 4410 (ὀμμάτων)
2208 4328 2313 4394 vel
2377 4328 2680 4407 διφίοιν

284 4441 691 4527 (όμμάτοιν).
744 4437 925 4518 Quod
973 4438 1072 4502 Bl.
1122 4439 1388 4504 coniecit
1436 4435 1701 4516 δακρύων
1752 4438 1865 4501 vix
1911 4438 2005 4499 ita
2040 4437 2254 4521 potuit
2290 4438 2633 4520 corrumpi.
