3351 5463
1315 389 1812 440 Aiuszrornzmns.
2625 372 2755 442 20¹7

465 579 559 624 VS.
633 557 828 635 1031,
855 556 939 622 21
1018 553 1381 631 Στιλβίδην,
1456 550 1519 618 ὄν
1588 559 1747 635 Φησι
1820 554 2151 635 Φιλόχορος
2212 555 2618 628 ἀκολουθῆσαι
2685 555 2762 618 ἐν

376 663 729 746 Σικελία
776 663 953 736 ἡνίκα
1003 659 1343 736 ἐπολέμουν
1392 660 1696 734 Ἀθηναῖοι
1747 659 1853 724 καὶ
1904 661 1990 731 εἰς
2043 660 2336 726 Σικελίαν
2375 659 2756 739 ἐστράτευον.

372 769 531 834 Delo
580 772 643 832 ἓν
691 768 972 850 Σικελία.
2615 851 2623 859 ι

470 875 737 952 1046,2
796 871 1233 954 χρησμολόγος
1293 871 1436 943 τοὺς
1498 871 2064 951 προγεγενημένους
2111 872 2454 953 χρόνους
2513 871 2764 954 ἐξηγού-

372 1005 573 1058 μενος.
625 980 767 1046 Iam
814 978 1233 1065 Blaydesium
1281 1001 1557 1059 χρησμ
1578 978 1706 1048 οὺς
1753 981 2095 1044 correxisse
2143 980 2349 1046 video,

466 1109 563 1153 vs·
618 1085 816 1164 1054,
845 1085 928 1152 35
994 1086 1098 1150 καὶ
1148 1084 1327 1150 ἄλλα
1375 1083 1515 1149 τινα
1566 1087 1711 1163 πρὸς
1759 1085 1845 1149 τὰ
1895 1084 2026 1149 νεύ
2044 1110 2271 1162 ματα
2321 1094 2553 1162 σημεῖα
2597 1101 2762 1165 λαμ-

373 1192 610 1270 βάνειν,
663 1191 797 1269 περὶ
848 1187 923 1255 ὦν
973 1193 1082 1264 τὴν
1131 1191 1341 1255 θυσίαν
1392 1189 1645 1256 ἐποίουν.
1696 1191 1974 1276 Requiro
2021 1193 2508 1270 πράγματα.

464 1319 561 1364 νε.
616 1294 813 1375 1067,
846 1296 930 1361 12
976 1292 1129 1360 εἶναι
1180 1297 1245 1361 δὲ
1295 1296 1480 1362 αὐτὸν
1530 1297 1659 1376 (τὸν
1706 1295 1947 1375 κέπΦον
1987 1303 2100 1377 se.)
2146 1296 2339 1362 πολὺν
2377 1298 2490 1374 μὲν
2533 1297 2594 1361 ἐν
2631 1307 2761 1370 τοῖς

372 1410 655 1484 πτεροῖς,
722 1402 931 1480 ὀλίγον
996 1402 1055 1466 δὲ
1118 1403 1177 1465 έν
1241 1411 1369 1474 τοῖς
1429 1401 1673 1484 κρέασι,
1741 1402 1847 1466 κα)
1912 1402 2278 1479 κεκραγέναι
2338 1405 2758 1470 ὠδίνοντα·

371 1507 500 1574 ὅθεν
547 1508 833 1589 γενέσθαι
880 1510 991 1583 τὴν
1040 1509 1378 1586 παροιμίαν
1427 1509 1714 1587 ,,κέπφος
1757 1508 2010 1587 ὢδίνει”,
2051 1509 2150 1573 ἐπὶ
2196 1512 2313 1573 τῶν
2353 1510 2758 1589 ἐπαγγελίας

369 1615 714 1680 ποιούντων.
762 1613 1313 1700 Intellegendum,
1364 1617 1420 1678 si
1464 1636 1592 1678 non
1640 1615 2080 1693 scribendum,
2133 1615 2666 1697 ᾠοτοκοῦντα.

340 1763 347 1768 -
460 1742 553 1787 νε.
607 1719 805 1798 1071,
832 1721 939 1786 20.
990 1720 1232 1807 Supple
1279 1715 1355 1786 ὧν
1403 1719 1533 1800 (ὃ)
1580 1720 2018 1800 πρεσβύτατος
2069 1738 2210 1786 κτλ.

463 1848 559 1893 vs.
614 1825 789 1893 1078
834 1829 927 1906 χή
974 1827 1207 1894 κώδωνι
1253 1827 1424 1906 παρὰ
1466 1829 1535 1891 τὸ
1578 1830 2058 1907 κραυγαστικὸν,
2103 1828 2137 1904 ἢ
2180 1827 2378 1894 κύων
2417 1829 2503 1893 τὸ
2551 1829 2757 1910 ζῷον.

369 1931 501 1999 ἔστι
547 1933 612 2000 δὲ
658 1934 1015 2009 ἀδιανόητον
1062 1934 1169 2000 καὶ
1219 1938 1417 1999 τοῦτο.
1459 1933 1632 2013 παρα
1670 1935 1780 2008 τὴν
1823 1935 2158 2015 παροιμίαν
2201 1938 2278 2014 »ἦ
2328 1936 2528 2000 κύων
2575 1936 2760 2004 σπεύ-

367 2040 556 2106 δουσα
597 2041 818 2120 τυφλὰ
857 2039 1123 2106 τίκτει.”
1166 2039 1373 2105 Verba
1412 2039 1559 2114 ἣ-
1584 2038 1728 2120 ζῷον
1769 2039 2034 2105 delenda
2069 2041 2392 2107 videntur.
2433 2041 2756 2108 Vocabula

369 2145 403 2219 ἥ
478 2145 632 2211 κύων
701 2152 851 2211 sunt
918 2149 1243 2230 sequentis
1314 2148 1348 2222 ἧ
1420 2144 1577 2212 κύων
1643 2147 2196 2232 dittographema‚
2261 2146 2332 2211 τὸ
2395 2148 2538 2228 ζῷον
2603 2170 2754 2214 vero

369 2253 711 2319 emblema.

460 2381 556 2426 vs.
611 2358 789 2424 1094
851 2358 1197 2424 κώθωναε
1258 2363 1359 2424 νῦν
1418 2358 1489 2422 τὸ
1553 2357 1710 2438 (n‘e)
1774 2361 2071 2437 ποτήριον,
2123 2363 2420 2441 ἀλλαχοῦ
2474 2359 2536 2424 δὲ
2585 2359 2756 2424 κάν-

369 2468 459 2529 θα
478 2490 550 2545 ρο
570 2490 619 2530 ν.
709 2466 1046 2550 Nusquam
1115 2487 1265 2530 vero
1336 2464 1515 2530 aliud
1585 2464 1907 2550 significat
1976 2485 2170 2550 quam
2241 2466 2460 2551 poculi
2529 2487 2754 2551 genus.

367 2571 542 2638 Num
603 2571 769 2636 forte
834 2573 989 2636 haee
1050 2575 1371 2656 pertinent
1436 2571 1513 2636 ad
1576 2571 1804 2636 falsam
1867 2570 2152 2655 aliquam
2199 2571 2542 2636 lectionem
2589 2572 2759 2637 κάν-

366 2675 609 2743 θωναῖ
662 2675 758 2744 Of.
810 2676 959 2741 Pao.
1010 2675 1117 2743 98.

456 2806 552 2850 vs.
606 2782 803 2861 1183,
833 2782 915 2847 51
970 2782 1220 2847 ἐπειδὰν
1270 2781 1364 2849 οὖν
1416 2781 1775 2861 κατάλογον
1828 2782 2008 2863 δεήσῃ
2053 2776 2340 2860 γενέσθαι
2391 2786 2750 2870 στρατείας,

366 2889 873 2970 προσγράφοντες
937 2889 1024 2952 τα
1088 2886 1372 2965 ὀνόματα
1433 2892 1551 2954 τῶν
1618 2889 2142 2967 καταλεγομένων
2191 2890 2289 2954 ἐπὶ
2341 2890 2508 2961 ἑνὸς
2558 2915 2757 2970 προτι-

362 2994 535 3059 όέασι
597 2994 823 3060 τούτων
888 3001 1003 3059 τῶν
1065 2996 1453 3073 άνδριάντων,
1521 2996 1666 3074 ὑπὲρ
1732 3000 1837 3059 τοῦ
1898 2996 2162 3076 Φανερὸν
2222 2996 2418 3061 ἐκεῖσε
2468 2998 2751 3074 γενέσθαι

361 3107 493 3172 τοῖς
553 3102 1131 3193 καταλεγομένοις...
1176 3102 1319 3167 Nisi
1380 3102 1543 3167 forte
1591 3104 1729 3187 ipse
1776 3104 2239 3188 grammaticus
2287 3105 2558 3180 erravit,
2607 3125 2752 3187 sup-

365 3204 676 3290 plendum
722 3206 822 3270 ἐπὶ
876 3206 1001 3277 ἐνὸς
1052 3206 1413 3287 (ἑκάστου)
1465 3208 1812 3286 προτιθέασι
1863 3222 2004 3272 κτλ.

460 3333 551 3376 vs·
608 3311 781 3376 1189
844 3310 987 3376 οἴκοι
1052 3312 1332 3384 λέοντεςε
1392 3313 1696 3393 παροιμία
1746 3313 1920 3393 παρα
1969 3315 2108 3385 τοὺς
2156 3315 2216 3376 έν
2255 3324 2331 3393 τῇ
2373 3314 2561 3397 Ἀσία
2607 3313 2756 3379 Λά-

366 3441 620 3489 κωνας
693 3419 1147 3497 άτυχῆσαντας
1220 3424 1589 3504 (transpone
1662 3418 1969 3489 Λάκωνας
2035 3419 2094 3483 ἕν
2158 3428 2236 3501 τῇ
2302 3420 2515 3501 Ἀσία)
2568 3418 2754 3497 »οἴκοι

364 3523 644 3603 λέοντες,
694 3526 756 3588 έν
806 3524 1055 3605 Ἐφέσῳ
1105 3524 1166 3589 δὲ
1215 3524 1669 3596 Λάκωνες”.
1719 3525 1946 3590 Deleto
1989 3526 2314 3602 Λάκωνες,
2361 3526 2530 3610 quod
2570 3526 2759 3593 ditto-

361 3632 637 3715 graphia
705 3636 933 3695 natum
1002 3637 1134 3708 est,
1200 3652 1317 3715 pro
1382 3653 1454 3695 eo
1518 3632 1838 3696 substitue
1897 3628 2352 3703 άλώπεκες.
2419 3631 2518 3696 Ita
2579 3634 2777 3721 enim·

360 3742 725 3801 constanter
769 3737 887 3802 hoo
926 3738 1341 3822 proverbium
1379 3740 1617 3803 eit-atur
1654 3743 1720 3803 et
1761 3738 1928 3822 quod
1969 3759 2136 3803 nuno
2175 3738 2368 3803 habet
2407 3737 2754 3803 scholiasta

362 3862 556 3907 sensu
600 3862 852 3907 cassum
900 3847 1016 3907 est.

458 3969 556 4015 Vs.
611 3947 787 4013 1204
850 3950 1069 4027 σαφῶς
1134 3946 1305 4027 ἄγαν
1370 3948 1467 4013 ἐπὶ
1536 3953 1643 4013 τοῦ
1691 3948 1905 4021 τέλουςΙ
1955 3953 2060 4013 τοῦ
2110 3949 2420 4029 δράματος
2471 3950 2550 4013 τὸ
2601 3948 2754 4013 κέν-

360 4078 545 4134 τρον
632 4054 1175 4131 ἐγκατέλιπε·
1229 4063 1397 4126 τοῖς
1471 4056 2043 4134 ἀκροωμένοις.
2131 4056 2421 4120 Latuisse
2493 4056 2752 4120 videtur

358 4162 678 4227 editorem
726 4167 912 4226 notus
961 4160 1568 4246 versus-Eupolidis
1617 4162 1787 4247 apud
1833 4162 2032 4227 Mein.
2082 4161 2151 4225 F.
2203 4158 2273 4227 O.
2323 4160 2386 4225 II
2436 4159 2589 4225 458.

457 4288 552 4333 vs,
608 4267 801 4343 1242,
830 4264 915 4332 47
965 4272 1066 4331 νῦν
1104 4267 1168 4330 δὲ
1220 4266 1669 4358 καὶ-άγγεΐον
1711 4247 2024 4344 κότταβον
2067 4266 2282 4345 εἴρηκε,
2333 4268 2752 4332 κατακτὸν

356 4374 440 4440 δὲ
515 4376 640 4438 άπὸ
707 4378 813 4437 τοῦ
873 4373 1180 4449 κατάγειν
1245 4371 1466 4437 ἄνωθεν
1525 4383 1602 4454 τῇ
1665 4375 1848 4454 χειρί.
1914 4373 2166 4437 Partim
2227 4376 2464 4438 rectius
2511 4375 2749 4457 partim

350 4483 546 4567 peius
616 4486 712 4545 est
778 4480 943 4544 infra
1011 4477 1273 4557 1244,5
1342 4484 1442 4544 νῦν
1514 4480 1577 4544 δὲ
1658 4480 1856 4545 αὐτὸ
1937 4479 2020 4543 τὸ
2103 4482 2364 4556 άγγεῑον
2431 4478 2745 4556 κότταβον
