3351 5463
1211 380 1297 428 nn
1342 379 1493 428 man
1538 377 1820 429 Romane.
2573 351 2705 426 243
2747 376 2750 381 ·

317 551 605 635 peiorem
666 549 1051 612 sententiam
1113 547 1211 612 bis
1273 545 1549 612 declinat
1575 545 1649 628 1).
1711 547 1953 633 Agitur
2013 549 2186 611 enim
2229 549 2300 611 in
2345 545 2523 611 finali
2569 566 2708 611 con-

316 657 635 720 troversia
684 653 761 719 de
811 654 1091 719 dominio
1139 652 1255 716 loci
1300 651 1481 716 uniue
1504 651 1556 733 ⁹)
1604 652 1711 718 vel
1755 652 2045 739 plurium
2064 701 2080 731 ,
2123 675 2396 738 quorum
2433 652 2708 717 latitudo

316 760 427 826 vel
486 763 769 846 quinque
821 760 1091 844 pedibus
1141 761 1523 837 continetur,
1572 758 1680 824 vel
1727 762 1967 824 maiore
2013 762 2238 844 spatio.
2288 759 2406 823 Est
2450 765 2668 824 autem
2687 806 2704 836 ,

314 889 497 951 quum
556 867 708 952 quid
766 865 997 930 excedit
1055 887 1245 946 supra
1305 864 1590 946 scriptam
1654 865 2038 930 latitudinem
2065 863 2136 946 3),
2185 865 2362 930 locus
2409 867 2706 950 petitorio

312 973 555 1037 iudicio
574 1019 592 1050 ,
660 973 761 1037 sin
824 973 898 1034 de
944 969 1202 1054 quinque
1235 972 1460 1052 pedum
1506 970 1712 1051 aqitur
1759 971 2088 1035 latitudine
2112 969 2186 1050 4),
2238 972 2540 1038 divisoria
2587 971 2711 1035 for-

316 1077 498 1144 mula
531 1100 653 1160 pro
700 1076 1109 1141 vindicatione
1154 1076 1246 1140 rei
1292 1082 1381 1140 eet
1406 1078 1479 1155 ⁵).
1530 1076 1804 1142 Interest
1821 1125 1836 1154 ,
1888 1077 2058 1160 quod
2101 1079 2168 1142 in
2217 1079 2425 1162 priore
2463 1079 2668 1161 specie
2687 1122 2704 1153 ,

314 1187 371 1249 si
416 1185 578 1250 certi
624 1183 781 1248 fines
826 1203 955 1248 non
1002 1187 1381 1266 appareant,
1433 1181 1785 1246 secundum
1831 1182 2198 1268 generalem
2245 1182 2539 1268 reg-ulam
2586 1203 2703 1246 suo

311 1289 452 1356 loco
499 1291 813 1375 possessio
861 1292 1151 1354 remanet
1198 1293 1263 1352 et
1312 1292 1531 1352 contra
1578 1290 1921 1373 petitorem
1966 1288 2324 1366 iudicatur3
2369 1291 2704 1364 ‚enimvero

314 1395 511 1459 iudici
555 1393 785 1478 finium
846 1396 1243 1474 requndorum
1276 1392 1678 1475 permittitur,
1727 1401 1796 1456 ut
1814 1441 1831 1470 ,
1880 1394 1982 1456 ubi
2028 1415 2146 1456 non
2178 1394 2379 1475 poesit
2425 1393 2706 1458 dirimere

300 1504 468 1585 fines
486 1548 501 1578 ,
592 1500 1044 1578 adiudicatione
1129 1500 1585 1564 controversiam
1655 1498 1905 1563 dirimat
1927 1505 2001 1578 ⁸).
2087 1499 2232 1564 Non
2298 1504 2466 1564 recte
2537 1499 2708 1584 apud

320 1606 647 1693 Magnum
708 1603 1201 1672 Constantinum
1227 1606 1281 1687 ⁷)
1342 1605 1606 1691 legitur,
1670 1589 1840 1683 intra
1887 1608 2170 1690 quinque
2215 1605 2404 1691 pedes
2447 1605 2708 1672 finalem

318 1715 428 1798 agi
465 1714 946 1796 quaestionem,
988 1712 1064 1777 de
1108 1713 1348 1776 maiore
1388 1713 1594 1795 spatio
1634 1732 1753 1776 non
1775 1711 2090 1794 final(em)
2119 1713 2240 1800 ,sed
2263 1711 2669 1793 proprietatis
2687 1730 2704 1788 ;

316 1819 670 1902 utrubique
727 1820 903 1883 enim
963 1818 1031 1882 id
1092 1816 1532 1903 principaliter
1590 1819 1666 1880 in·
1720 1816 2036 1884 iudicium
2091 1819 2272 1882 venit
2291 1865 2306 1894 ,
2358 1823 2432 1881 ut
2477 1815 2709 1882 finibus

319 1923 655 1989 declaratis
718 1923 1008 1988 locorum
1069 1927 1424 2008 proprietas
1487 1926 1949 2009 investigetur;
2016 1923 2124 1988 sed
2187 1922 2314 2002 alio
2376 1923 2568 1987 modo
2631 1923 2706 1987 de

318 2033 567 2095 'minore
640 2032 847 2114 spatio
918 2032 1321 2115 transigitur,
1394 2028 1521 2095 alio
1592 2029 1667 2094 de
1727 2031 2002 2106 maiore,
2067 2031 2123 2093 si
2185 2027 2260 2092 de
2319 2031 2708 2113 proprietate

324 2141 609 2202 constare
672 2157 798 2200 non
858 2138 1159 2220 potuerit.
1230 2135 1455 2201 Minus
1516 2137 1686 2200 inter
1745 2133 2120 2220 litigatores.
2168 2133 2434 2210 dividit,
2498 2136 2709 2198 maius

317 2218 673 2326 possidenti
719 2241 1025 2325 relinquit
1068 2242 1282 2305 iudex.
1348 2241 1570 2324 Itaque
1614 2243 1893 2306 vertitur
1938 2243 2005 2304 in
2054 2239 2230 2304 finali
2277 2241 2707 2304 controversia

324 2350 739 2434 proprietatis
794 2367 1017 2425 causa,
1067 2368 1179 2413 nec
1227 2347 1366 2412 fieri
1412 2351 1656 2433 potest,
1708 2350 1863 2432 quin
1892 2347 2176 2430 finalifir)
2221 2348 2589 2425 cohaere(a)t
2634 2347 2707 2408 de

307 2454 694 2537 proprietate
732 2453 1164 2518 controversiae
1187 2453 1261 2533 ⁸).
1304 2454 1527 2518 Potest
1552 2447 1773 2518 autem
1796 2456 2004 2518 omnis
2027 2451 2234 2518 finalis
2259 2453 2708 2531 controversia,

320 2561 461 2624 sive
508 2558 1037 2645 quinquepedalis
1086 2561 1203 2635 sit,
1253 2559 1389 2623 sive
1436 2558 1932 2643 quinquepedali
1961 2560 2207 2641 'maior,
2256 2561 2324 2622 in
2371 2558 2526 2623 duas
2573 2579 2711 2643 par-

309 2670 414 2730 tes
472 2665 713 2743 scindi,
778 2685 973 2751 quam
1020 2685 1159 2730 rem
1204 2662 1493 2728 illustrat
1538 2662 1760 2730 Cicero
1809 2664 1886 2728 de
1932 2663 2088 2750 Leg.
2137 2664 2188 2727 Ι.
2240 2663 2328 2727 20
2377 2662 2543 2748 556,
2593 2665 2706 2728 ubi

308 2774 495 2858 quasi
558 2774 941 2837 sententiam
1003 2770 1193 2838 dicit:
1268 2770 1499 2855 requiri
1547 2771 1798 2852 plaeere
1860 2771 2137 2834 terminos
2155 2818 2172 2847 ,
2233 2793 2378 2855 quoe
2439 2771 2705 2835 Socrates

384 3028 433 3089 1)
478 3026 551 3076 l.l.
598 3042 647 3091 p.
687 3027 799 3085 561,
850 3026 931 3076 ubi
967 3034 1074 3092 poet
1108 3026 1277 3077 finium
1315 3027 1685 3076 declarationem
1720 3042 1962 3091 superesse
1997 3027 2114 3077 dicit
2149 3043 2338 3078 causam
2372 3030 2708 3094 proprietatis;

304 3126 357 3174 p.
398 3109 520 3157 4652
579 3124 689 3157 ,σου
729 3113 870 3173 yroot
913 3109 1229 3158 ander-scheid
1270 3109 1406 3159 dieat
1442 3145 1469 3170 ,.
1490 3148 1502 3158 .
1524 3148 1537 3161 .
1555 3147 1565 3158 .
1604 3110 1832 3173 qemaakt
1883 3115 1933 3159 te
1977 3110 2165 3159 worden
2198 3112 2420 3161 tuseeken
2445 3128 2608 3175 yrene-
2643 3128 2703 3162 en

304 3188 847 3254 eiqendomskwestien’fl

381 3270 437 3334 2)
473 3272 525 3320 L.
562 3272 611 3319 4.
648 3287 742 3335 pr.,
778 3271 867 3334 51,
901 3274 971 3334 §5
1009 3273 1067 3320 D.
1107 3272 1253 3320 10.1.

384 3352 441 3416 3)
476 3353 695 3402 Gromat.
734 3368 781 3417 p.
818 3354 901 3402 13.

380 3434 440 3493 4)
472 3435 694 3484 Gromat.
730 3450 778 3498 p.
819 3436 899 3484 12.

384 3515 435 3576 5)
467 3516 522 3564 L.
560 3516 587 3564 1
626 3517 685 3565 D.
724 3516 876 3565 10.1.

380 3597 439 3661 6)
470 3598 525 3646 L.
564 3596 596 3644 2
641 3597 713 3659 §l
763 3599 818 3646 D.
860 3598 1006 3646 10.1.
1056 3598 1172 3646 Iure
1217 3598 1448 3647 Saxonieo
1494 3599 1617 3647 citra
1642 3599 1799 3663 epatii
1833 3600 2127 3651 taxationem
2159 3601 2558 3651 adiudicationem
2595 3618 2704 3667 per·

306 3677 471 3735 mitti,
518 3678 657 3727 docet
698 3678 917 3736 haband,
978 3679 1295 3744 Vermoyener.
1343 3682 1530 3745 Klayen
1576 3681 1835 3793 (1869)11.
1869 3682 2030 3731 23139
2071 3684 2149 3745 (cf.
2183 3700 2372 3747 quoqne
2405 3683 2701 3734 Bethmann·

308 3759 907 3823 Houweg,0ivi1promae
941 3762 1013 3809 Iv
1048 3761 1233 3826 (1868)
1272 3764 1342 3823 §5
1378 3766 1479 3812 not.
1518 3764 1587 3817 6).

378 3842 437 3905 7)
470 3843 690 3891 Gromat.
720 3859 771 3907 p.
802 3842 903 3891 268
942 3858 1007 3893 vs.
1046 3844 1229 3907 1281111
1262 3843 1407 3907 (==c.
1448 3846 1477 3893 8
1516 3848 1630 3897 rest.
1666 3846 1724 3893 Ο.
1758 3845 1848 3896 Th.
1883 3847 1930 3895 2.
1951 3847 2059 3909 26).
2497 3862 2507 3871 ·

378 3924 437 3985 8)
471 3924 690 3973 Gromat.
725 3940 772 3988 p.
810 3922 907 3975 267
944 3925 1026 3988 (=
1054 3941 1092 3974 c.
1134 3927 1159 3973 l
1201 3929 1313 3975 rest.
1353 3925 1409 3975 C.
1448 3925 1535 3975 Th.
1572 3928 1619 3976 2.
1638 3928 1780 3975 26==
1805 3944 1846 3977 e.
1884 3930 1913 3977 8
1947 3943 2019 3993 pr.
2058 3929 2110 3978 C.
2143 3930 2188 3979 3.
2209 3930 2313 3994 39).
2348 3931 2548 3995 Legitur
2575 3933 2701 3997 apud

309 4004 636 4054 Gromaticoe:
695 4020 831 4068 super
876 4006 1035 4055 loeis.
1127 4007 1553 4071 ,μασι-ἱππίῳ)
1589 4024 1618 4072 q
1631 4024 1742 4059 uae
1780 4009 1938 4073 sina
1951 4010 2000 4059 22·
2043 4010 2263 4060 cohaeret
2308 4013 2367 4061 de
2399 4013 2700 4077 proprietate

304 4086 661 4137 controversiae.
716 4088 849 4136 Haec
896 4088 955 4137 ad
999 4104 1189 4138 sensum
1237 4088 1429 4141 Codicis
1474 4089 1736 4139 Iustiniani
1782 4092 2117 4141 emendaverat
2161 4093 2328 4142 doctus
2363 4094 2544 4144 editor:
2579 4096 2694 4159 quia

310 4167 487 4218 finalis.
535 4169 703 4217 Latuit
735 4184 791 4217 ea
824 4170 1093 4219 emendatio
1133 4171 1524 4221 Maximilianum
1560 4171 1748 4230 Weber,
1783 4173 1867 4236 qui
1900 4173 2108 4224 contulit
2140 4177 2476 4225 tantummodo
2512 4177 2699 4227 Codicis

307 4248 627 4298 'theodosiani
675 4249 933 4309 editioneS,
980 4266 1101 4315 quae
1141 4255 1257 4300 sunt
1288 4252 1679 4303 Gromaticorum
1713 4253 1922 4304 editione
1959 4255 2282 4320 antiquiores;
2321 4257 2482 4322 itaque
2519 4259 2576 4307 de
2611 4274 2696 4309 suo

305 4330 464 4379 dedit:
499 4346 621 4394 quae
652 4347 756 4379 eum
781 4332 932 4397 finali
964 4359 1031 4369 —
1065 4334 1381 4383 controversia
1394 4371 1409 4393 ,
1444 4334 1525 4383 ubi
1547 4334 1724 4400 finalis
1753 4339 1875 4384 esset
1910 4337 2049 4399 quasi
2080 4338 2334 4403 definitiva
2373 4340 2697 4390 controversia

304 4412 647 4475 (Ayraryeeeb.
694 4412 865 4475 (1891)
910 4430 955 4477 11.
996 4414 1059 4465 92
1106 4418 1204 4464 1101.
1254 4415 1359 4479 77).
1410 4443 1477 4453 -
1520 4416 1598 4465 Cf.
1644 4417 1924 4467 etiamnunc
1969 4420 2159 4483 Apulei.
2196 4420 2278 4470 lib.
2318 4421 2414 4472 VI:
2461 4422 2514 4472 in
2547 4438 2694 4473 eausa

288 4492 449 4559 finali
480 4494 542 4548 de
561 4494 857 4559 prqm'etate
888 4496 978 4547 coli
1009 4496 1146 4547 immo
1179 4498 1282 4548 viae
1311 4498 1647 4549 hereieeundae
1679 4502 2023 4554 contendentes.
