<?xml version="1.0" encoding="UTF-8"?>
<!DOCTYPE html PUBLIC "-//W3C//DTD XHTML 1.0 Transitional//EN"
    "http://www.w3.org/TR/xhtml1/DTD/xhtml1-transitional.dtd">
<html xmlns="http://www.w3.org/1999/xhtml" xml:lang="en" lang="en">
 <head>
  <title>
</title>
<meta http-equiv="Content-Type" content="text/html;charset=utf-8" />
  <meta name='ocr-system' content='tesseract 3.04.00' />
  <meta name='ocr-capabilities' content='ocr_page ocr_carea ocr_par ocr_line ocrx_word'/>
</head>
<body>
  <div class='ocr_page' id='page_1' title='image "./mnemosynevolume04verdgoog_0076.png"; bbox 0 0 3351 5463; ppageno 0'>
   <div class='ocr_carea' id='block_1_1' title="bbox 627 296 2009 362">
    <p class='ocr_par' dir='ltr' id='par_1_1' title="bbox 627 296 2009 362">
     <span class='ocr_line' id='line_1_1' title="bbox 627 296 2009 362; baseline -0.002 0"><span class='ocrx_word' id='word_1_1' title='bbox 627 296 712 362; x_wconf 88' lang='lat'><strong>66</strong></span> <span class='ocrx_word' id='word_1_2' title='bbox 1639 311 2009 360; x_wconf 71' lang='lat' dir='ltr'><strong>annnrms.</strong></span> 
     </span>
    </p>
   </div>
   <div class='ocr_carea' id='block_1_2' title="bbox 627 477 3032 1934">
    <p class='ocr_par' dir='ltr' id='par_1_2' title="bbox 627 477 3026 767">
     <span class='ocr_line' id='line_1_2' title="bbox 627 477 3025 565; baseline -0.001 -21"><span class='ocrx_word' id='word_1_3' title='bbox 627 484 883 565; x_wconf 90' lang='lat' dir='ltr'><strong>poetam</strong></span> <span class='ocrx_word' id='word_1_4' title='bbox 943 480 1116 545; x_wconf 90' lang='lat' dir='ltr'><strong>hisce</strong></span> <span class='ocrx_word' id='word_1_5' title='bbox 1166 481 1376 545; x_wconf 87' lang='lat' dir='ltr'><strong>verbis</strong></span> <span class='ocrx_word' id='word_1_6' title='bbox 1423 478 1739 543; x_wconf 89' lang='lat' dir='ltr'><strong>Memmio</strong></span> <span class='ocrx_word' id='word_1_7' title='bbox 1788 477 2244 543; x_wconf 89' lang='lat' dir='ltr'><strong>contumeliam</strong></span> <span class='ocrx_word' id='word_1_8' title='bbox 2289 479 2491 544; x_wconf 84' lang='lat' dir='ltr'><strong>facere</strong></span> <span class='ocrx_word' id='word_1_9' title='bbox 2520 477 2592 559; x_wconf 90' lang='lat'><strong>¹).</strong></span> <span class='ocrx_word' id='word_1_10' title='bbox 2657 479 2877 563; x_wconf 83' lang='lat' dir='ltr'>Neque</span> <span class='ocrx_word' id='word_1_11' title='bbox 2922 481 3025 542; x_wconf 89' lang='lat' dir='ltr'><strong>in-</strong></span> 
     </span>
     <span class='ocr_line' id='line_1_3' title="bbox 627 583 3026 670; baseline -0.001 -20"><span class='ocrx_word' id='word_1_12' title='bbox 627 588 863 650; x_wconf 89' lang='lat' dir='ltr'><strong>iuriam</strong></span> <span class='ocrx_word' id='word_1_13' title='bbox 933 587 1086 650; x_wconf 84' lang='lat' dir='ltr'><strong>facit</strong></span> <span class='ocrx_word' id='word_1_14' title='bbox 1154 585 1502 664; x_wconf 90' lang='lat' dir='ltr'><strong>Memmi0‚</strong></span> <span class='ocrx_word' id='word_1_15' title='bbox 1573 606 1777 670; x_wconf 89' lang='lat' dir='ltr'><strong>neque</strong></span> <span class='ocrx_word' id='word_1_16' title='bbox 1838 585 2044 649; x_wconf 82' lang='lat' dir='ltr'><strong>Ennio</strong></span> <span class='ocrx_word' id='word_1_17' title='bbox 2109 605 2303 669; x_wconf 90' lang='lat' dir='ltr'><strong>quem</strong></span> <span class='ocrx_word' id='word_1_18' title='bbox 2364 583 2586 650; x_wconf 86' lang='lat' dir='ltr'><strong>laudat</strong></span> <span class='ocrx_word' id='word_1_19' title='bbox 2646 586 2815 649; x_wconf 91' lang='lat' dir='ltr'><strong>inter</strong></span> <span class='ocrx_word' id='word_1_20' title='bbox 2858 587 3026 648; x_wconf 83' lang='lat' dir='ltr'><strong>istos</strong></span> 
     </span>
     <span class='ocr_line' id='line_1_4' title="bbox 632 692 924 767; baseline -0.003 -11"><span class='ocrx_word' id='word_1_21' title='bbox 632 692 924 767; x_wconf 85' lang='lat' dir='ltr'><strong>„vates&#39;&#39;.</strong></span> 
     </span>
    </p>

    <p class='ocr_par' dir='ltr' id='par_1_3' title="bbox 631 795 3032 1202">
     <span class='ocr_line' id='line_1_5' title="bbox 719 795 3023 882; baseline -0 -22"><span class='ocrx_word' id='word_1_22' title='bbox 719 795 973 882; x_wconf 75' lang='lat' dir='ltr'>Religio</span> <span class='ocrx_word' id='word_1_23' title='bbox 1009 799 1216 881; x_wconf 81' lang='lat' dir='ltr'><strong>igitur</strong></span> <span class='ocrx_word' id='word_1_24' title='bbox 1255 795 1370 860; x_wconf 87' lang='lat' dir='ltr'><strong>illa</strong></span> <span class='ocrx_word' id='word_1_25' title='bbox 1410 795 1737 881; x_wconf 88' lang='lat' dir='ltr'><strong>popularis</strong></span> <span class='ocrx_word' id='word_1_26' title='bbox 1780 800 2177 860; x_wconf 76' lang='lat' dir='ltr'><strong>sustentatur</strong></span> <span class='ocrx_word' id='word_1_27' title='bbox 2216 803 2281 860; x_wconf 93' lang='lat' dir='ltr'><strong>et</strong></span> <span class='ocrx_word' id='word_1_28' title='bbox 2330 795 2742 861; x_wconf 89' lang='lat' dir='ltr'><strong>confirmatur</strong></span> <span class='ocrx_word' id='word_1_29' title='bbox 2790 799 3023 861; x_wconf 87' lang='lat' dir='ltr'><strong>carmi-</strong></span> 
     </span>
     <span class='ocr_line' id='line_1_6' title="bbox 631 901 3029 988; baseline 0 -23"><span class='ocrx_word' id='word_1_30' title='bbox 631 902 820 966; x_wconf 89' lang='lat' dir='ltr'><strong>nibus</strong></span> <span class='ocrx_word' id='word_1_31' title='bbox 867 907 1202 986; x_wconf 88' lang='lat' dir='ltr'><strong>poetarum</strong></span> <span class='ocrx_word' id='word_1_32' title='bbox 1247 902 1480 986; x_wconf 90' lang='lat' dir='ltr'><strong>quibus</strong></span> <span class='ocrx_word' id='word_1_33' title='bbox 1525 901 1718 966; x_wconf 87' lang='lat' dir='ltr'><strong>fidem</strong></span> <span class='ocrx_word' id='word_1_34' title='bbox 1764 902 1999 966; x_wconf 89' lang='lat' dir='ltr'><strong>habent</strong></span> <span class='ocrx_word' id='word_1_35' title='bbox 2037 903 2327 966; x_wconf 89' lang='lat' dir='ltr'><strong>homines</strong></span> <span class='ocrx_word' id='word_1_36' title='bbox 2350 950 2364 975; x_wconf 91' lang='lat'><em>,</em></span> <span class='ocrx_word' id='word_1_37' title='bbox 2406 905 2771 988; x_wconf 79' lang='lat' dir='ltr'><strong>ignorantes</strong></span> <span class='ocrx_word' id='word_1_38' title='bbox 2815 923 3029 988; x_wconf 83' lang='lat' dir='ltr'><strong>„quae</strong></span> 
     </span>
     <span class='ocr_line' id='line_1_7' title="bbox 632 1006 3032 1092; baseline 0.001 -23"><span class='ocrx_word' id='word_1_39' title='bbox 632 1009 715 1070; x_wconf 88' lang='lat' dir='ltr'><strong>sit</strong></span> <span class='ocrx_word' id='word_1_40' title='bbox 781 1011 1010 1071; x_wconf 81' lang='lat' dir='ltr'><strong>natura</strong></span> <span class='ocrx_word' id='word_1_41' title='bbox 1073 1007 1355 1072; x_wconf 85' lang='lat' dir='ltr'><strong>animai&#39;&#39;</strong></span> <span class='ocrx_word' id='word_1_42' title='bbox 1421 1007 1630 1089; x_wconf 82' lang='lat'><strong>(112),</strong></span> <span class='ocrx_word' id='word_1_43' title='bbox 1702 1006 1768 1070; x_wconf 91' lang='lat' dir='ltr'><strong>id</strong></span> <span class='ocrx_word' id='word_1_44' title='bbox 1829 1006 1997 1092; x_wconf 84' lang='lat' dir='ltr'><strong>quod</strong></span> <span class='ocrx_word' id='word_1_45' title='bbox 2067 1007 2405 1071; x_wconf 89' lang='lat' dir='ltr'><strong>Lucretius</strong></span> <span class='ocrx_word' id='word_1_46' title='bbox 2472 1006 2758 1072; x_wconf 78' lang='lat' dir='ltr'><strong>illustrat</strong></span> <span class='ocrx_word' id='word_1_47' title='bbox 2825 1008 3032 1080; x_wconf 80' lang='lat' dir='ltr'><strong>Ennii</strong></span> 
     </span>
     <span class='ocr_line' id='line_1_8' title="bbox 633 1112 946 1202; baseline 0 -25"><span class='ocrx_word' id='word_1_48' title='bbox 633 1112 946 1202; x_wconf 81' lang='lat' dir='ltr'><strong>exemplo,</strong></span> 
     </span>
    </p>

    <p class='ocr_par' dir='ltr' id='par_1_4' title="bbox 722 1214 3026 1303">
     <span class='ocr_line' id='line_1_9' title="bbox 722 1214 3026 1303; baseline -0 -21"><span class='ocrx_word' id='word_1_49' title='bbox 722 1217 916 1283; x_wconf 80' lang='lat' dir='ltr'><strong>Hisce</strong></span> <span class='ocrx_word' id='word_1_50' title='bbox 963 1218 1225 1283; x_wconf 90' lang='lat' dir='ltr'><strong>demum</strong></span> <span class='ocrx_word' id='word_1_51' title='bbox 1272 1221 1576 1303; x_wconf 86' lang='lat' dir='ltr'><strong>expositis</strong></span> <span class='ocrx_word' id='word_1_52' title='bbox 1622 1220 2035 1283; x_wconf 84' lang='lat' dir='ltr'><strong>continuatur</strong></span> <span class='ocrx_word' id='word_1_53' title='bbox 2078 1220 2427 1302; x_wconf 86' lang='lat' dir='ltr'><strong>propositio</strong></span> <span class='ocrx_word' id='word_1_54' title='bbox 2474 1239 2507 1282; x_wconf 89' lang='lat' dir='ltr'><strong>e</strong></span> <span class='ocrx_word' id='word_1_55' title='bbox 2553 1239 2680 1284; x_wconf 86' lang='lat' dir='ltr'><strong>vss.</strong></span> <span class='ocrx_word' id='word_1_56' title='bbox 2728 1214 3026 1281; x_wconf 84' lang='lat'>54-61.</span> 
     </span>
    </p>

    <p class='ocr_par' dir='ltr' id='par_1_5' title="bbox 817 1322 2747 1934">
     <span class='ocr_line' id='line_1_10' title="bbox 817 1322 2680 1409; baseline -0.001 -21"><span class='ocrx_word' id='word_1_57' title='bbox 817 1322 942 1390; x_wconf 83' lang='lat'><strong>127</strong></span> <span class='ocrx_word' id='word_1_58' title='bbox 991 1348 1108 1409; x_wconf 79' lang='lat' dir='ltr'><strong>qua</strong></span> <span class='ocrx_word' id='word_1_59' title='bbox 1150 1333 1394 1407; x_wconf 73' lang='lat' dir='ltr'><strong>propter</strong></span> <span class='ocrx_word' id='word_1_60' title='bbox 1441 1326 1580 1388; x_wconf 76' lang='lat' dir='ltr'><strong>bene</strong></span> <span class='ocrx_word' id='word_1_61' title='bbox 1627 1347 1755 1387; x_wconf 80' lang='lat' dir='ltr'><strong>cum</strong></span> <span class='ocrx_word' id='word_1_62' title='bbox 1800 1324 2033 1405; x_wconf 69' lang='lat' dir='ltr'><strong>superis</strong></span> <span class='ocrx_word' id='word_1_63' title='bbox 2082 1326 2154 1387; x_wconf 81' lang='lat' dir='ltr'><strong>de</strong></span> <span class='ocrx_word' id='word_1_64' title='bbox 2200 1326 2369 1387; x_wconf 67' lang='lat' dir='ltr'><strong>rebus</strong></span> <span class='ocrx_word' id='word_1_65' title='bbox 2408 1325 2680 1388; x_wconf 72' lang='lat' dir='ltr'><em>habenda</em></span> 
     </span>
     <span class='ocr_line' id='line_1_11' title="bbox 996 1430 2340 1514; baseline -0.001 -21"><span class='ocrx_word' id='word_1_66' title='bbox 996 1431 1164 1493; x_wconf 70' lang='lat' dir='ltr'><strong>nobie</strong></span> <span class='ocrx_word' id='word_1_67' title='bbox 1211 1438 1298 1493; x_wconf 73' lang='lat' dir='ltr'><strong>est</strong></span> <span class='ocrx_word' id='word_1_68' title='bbox 1342 1430 1500 1493; x_wconf 72' lang='lat' dir='ltr'><strong>ratio</strong></span> <span class='ocrx_word' id='word_1_69' title='bbox 1519 1478 1535 1506; x_wconf 88' lang='lat'><strong><em>,</em></strong></span> <span class='ocrx_word' id='word_1_70' title='bbox 1583 1430 1730 1493; x_wconf 66' lang='lat' dir='ltr'><strong>cobis</strong></span> <span class='ocrx_word' id='word_1_71' title='bbox 1779 1430 2072 1514; x_wconf 61' lang='lat' dir='ltr'><strong>barbaeque</strong></span> <span class='ocrx_word' id='word_1_72' title='bbox 2114 1437 2340 1492; x_wconf 67' lang='lat' dir='ltr'><strong>meatus</strong></span> 
     </span>
     <span class='ocr_line' id='line_1_12' title="bbox 998 1534 2637 1620; baseline 0 -23"><span class='ocrx_word' id='word_1_73' title='bbox 998 1557 1116 1618; x_wconf 79' lang='lat' dir='ltr'><strong>qua</strong></span> <span class='ocrx_word' id='word_1_74' title='bbox 1143 1538 1312 1618; x_wconf 77' lang='lat' dir='ltr'><strong>fiant</strong></span> <span class='ocrx_word' id='word_1_75' title='bbox 1356 1535 1590 1598; x_wconf 77' lang='lat' dir='ltr'><strong>ratione</strong></span> <span class='ocrx_word' id='word_1_76' title='bbox 1609 1583 1625 1611; x_wconf 87' lang='lat'><strong><em>,</em></strong></span> <span class='ocrx_word' id='word_1_77' title='bbox 1675 1543 1732 1598; x_wconf 77' lang='lat' dir='ltr'><strong>et</strong></span> <span class='ocrx_word' id='word_1_78' title='bbox 1780 1558 1899 1620; x_wconf 79' lang='lat' dir='ltr'><strong>qua</strong></span> <span class='ocrx_word' id='word_1_79' title='bbox 1946 1534 2010 1597; x_wconf 78' lang='lat' dir='ltr'><strong>vi</strong></span> <span class='ocrx_word' id='word_1_80' title='bbox 2050 1558 2310 1619; x_wconf 78' lang='lat' dir='ltr'><strong>quaeque</strong></span> <span class='ocrx_word' id='word_1_81' title='bbox 2344 1543 2637 1616; x_wconf 73' lang='lat' dir='ltr'><strong>qerantur</strong></span> 
     </span>
     <span class='ocr_line' id='line_1_13' title="bbox 827 1639 2463 1722; baseline 0 -19"><span class='ocrx_word' id='word_1_82' title='bbox 827 1639 952 1704; x_wconf 82' lang='lat'><strong>130</strong></span> <span class='ocrx_word' id='word_1_83' title='bbox 997 1639 1066 1702; x_wconf 76' lang='lat' dir='ltr'><strong>in</strong></span> <span class='ocrx_word' id='word_1_84' title='bbox 1112 1641 1322 1718; x_wconf 67' lang='lat' dir='ltr'><strong>terrie,</strong></span> <span class='ocrx_word' id='word_1_85' title='bbox 1373 1647 1495 1703; x_wconf 74' lang='lat' dir='ltr'><strong>tum</strong></span> <span class='ocrx_word' id='word_1_86' title='bbox 1543 1663 1670 1704; x_wconf 80' lang='lat' dir='ltr'><strong>cum</strong></span> <span class='ocrx_word' id='word_1_87' title='bbox 1705 1640 1933 1722; x_wconf 68' lang='lat' dir='ltr'><strong>primis.</strong></span> <span class='ocrx_word' id='word_1_88' title='bbox 1980 1640 2214 1704; x_wconf 76' lang='lat' dir='ltr'><strong>ratione</strong></span> <span class='ocrx_word' id='word_1_89' title='bbox 2258 1641 2463 1720; x_wconf 60' lang='grc' dir='ltr'><strong>θαμειαί</strong></span> 
     </span>
     <span class='ocr_line' id='line_1_14' title="bbox 998 1744 2747 1836; baseline -0.001 -28"><span class='ocrx_word' id='word_1_90' title='bbox 998 1747 1157 1809; x_wconf 78' lang='lat' dir='ltr'><strong><em>unde</em></strong></span> <span class='ocrx_word' id='word_1_91' title='bbox 1203 1745 1402 1808; x_wconf 79' lang='lat' dir='ltr'><em>anima</em></span> <span class='ocrx_word' id='word_1_92' title='bbox 1449 1753 1626 1831; x_wconf 71' lang='lat' dir='ltr'><strong>atque</strong></span> <span class='ocrx_word' id='word_1_93' title='bbox 1669 1745 1860 1808; x_wconf 78' lang='lat' dir='ltr'><strong>animi</strong></span> <span class='ocrx_word' id='word_1_94' title='bbox 1906 1744 2127 1808; x_wconf 68' lang='lat' dir='ltr'><strong>Constet</strong></span> <span class='ocrx_word' id='word_1_95' title='bbox 2171 1754 2393 1836; x_wconf 62' lang='lat' dir='ltr'><strong>natura</strong></span> <span class='ocrx_word' id='word_1_96' title='bbox 2430 1746 2747 1810; x_wconf 64' lang='lat' dir='ltr'><strong>videndum</strong></span> 
     </span>
     <span class='ocr_line' id='line_1_15' title="bbox 1001 1850 2526 1934; baseline 0.001 -21"><span class='ocrx_word' id='word_1_97' title='bbox 1001 1857 1057 1913; x_wconf 74' lang='lat' dir='ltr'><strong>et</strong></span> <span class='ocrx_word' id='word_1_98' title='bbox 1104 1873 1254 1934; x_wconf 80' lang='lat' dir='ltr'><strong>quae</strong></span> <span class='ocrx_word' id='word_1_99' title='bbox 1301 1874 1396 1914; x_wconf 73' lang='lat' dir='ltr'><strong>rec</strong></span> <span class='ocrx_word' id='word_1_100' title='bbox 1439 1852 1608 1914; x_wconf 71' lang='lat' dir='ltr'><strong>nobie</strong></span> <span class='ocrx_word' id='word_1_101' title='bbox 1652 1850 2047 1931; x_wconf 71' lang='lat' dir='ltr'><strong>viyilantibue</strong></span> <span class='ocrx_word' id='word_1_102' title='bbox 2092 1851 2263 1914; x_wconf 72' lang='lat' dir='ltr'><strong>&#39;obvia</strong></span> <span class='ocrx_word' id='word_1_103' title='bbox 2308 1859 2526 1914; x_wconf 70' lang='lat' dir='ltr'><strong>mente-9</strong></span> 
     </span>
    </p>
   </div>
   <div class='ocr_carea' id='block_1_3' title="bbox 1000 1955 1482 2038">
    <p class='ocr_par' dir='ltr' id='par_1_6' title="bbox 1000 1955 1482 2038">
     <span class='ocr_line' id='line_1_16' title="bbox 1000 1955 1482 2038; baseline 0.006 -20"><span class='ocrx_word' id='word_1_104' title='bbox 1000 1955 1288 2038; x_wconf 68' lang='lat' dir='ltr'><strong>terrfficet</strong></span> <span class='ocrx_word' id='word_1_105' title='bbox 1331 1961 1482 2021; x_wconf 87' lang='lat' dir='ltr'><strong>cett.</strong></span> 
     </span>
    </p>
   </div>
   <div class='ocr_carea' id='block_1_4' title="bbox 638 2031 3165 2148">
    <p class='ocr_par' dir='ltr' id='par_1_7' title="bbox 638 2031 3165 2148">
     <span class='ocr_line' id='line_1_17' title="bbox 638 2031 3165 2148; baseline 0.001 -25"><span class='ocrx_word' id='word_1_106' title='bbox 638 2060 776 2125; x_wconf 87' lang='lat' dir='ltr'><strong>Vss.</strong></span> <span class='ocrx_word' id='word_1_107' title='bbox 835 2058 1188 2126; x_wconf 82' lang='lat'>127—130</span> <span class='ocrx_word' id='word_1_108' title='bbox 1236 2082 1308 2126; x_wconf 86' lang='lat' dir='ltr'><strong>ea</strong></span> <span class='ocrx_word' id='word_1_109' title='bbox 1354 2031 1801 2148; x_wconf 87' lang='lat' dir='ltr'><strong>proponuntur</strong></span> <span class='ocrx_word' id='word_1_110' title='bbox 1848 2083 2009 2148; x_wconf 84' lang='lat' dir='ltr'><strong>quae</strong></span> <span class='ocrx_word' id='word_1_111' title='bbox 2056 2065 2125 2126; x_wconf 91' lang='lat' dir='ltr'><strong>in</strong></span> <span class='ocrx_word' id='word_1_112' title='bbox 2172 2062 2356 2127; x_wconf 91' lang='lat' dir='ltr'><strong>libris</strong></span> <span class='ocrx_word' id='word_1_113' title='bbox 2404 2062 2459 2126; x_wconf 92' lang='lat' dir='ltr'><strong>V</strong></span> <span class='ocrx_word' id='word_1_114' title='bbox 2507 2067 2571 2127; x_wconf 90' lang='lat' dir='ltr'><strong>et</strong></span> <span class='ocrx_word' id='word_1_115' title='bbox 2620 2061 2706 2126; x_wconf 91' lang='lat' dir='ltr'><strong>VI</strong></span> <span class='ocrx_word' id='word_1_116' title='bbox 2750 2067 3033 2126; x_wconf 84' lang='lat' dir='ltr'><strong>tractata</strong></span> <span class='ocrx_word' id='word_1_117' title='bbox 3156 2032 3165 2036; x_wconf 26' lang='lat'>²</span> 
     </span>
    </p>
   </div>
   <div class='ocr_carea' id='block_1_5' title="bbox 639 2166 3035 2465">
    <p class='ocr_par' dir='ltr' id='par_1_8' title="bbox 639 2166 3035 2465">
     <span class='ocr_line' id='line_1_18' title="bbox 639 2166 3028 2253; baseline 0 -24"><span class='ocrx_word' id='word_1_118' title='bbox 639 2173 821 2242; x_wconf 81' lang='lat' dir='ltr'><strong>sunt,</strong></span> <span class='ocrx_word' id='word_1_119' title='bbox 885 2177 1012 2231; x_wconf 72' lang='lat' dir='ltr'><strong>vss.</strong></span> <span class='ocrx_word' id='word_1_120' title='bbox 1069 2166 1424 2231; x_wconf 88' lang='lat'><strong>130—133</strong></span> <span class='ocrx_word' id='word_1_121' title='bbox 1479 2189 1586 2246; x_wconf 86' lang='lat' dir='ltr'><strong>ea,</strong></span> <span class='ocrx_word' id='word_1_122' title='bbox 1637 2167 1714 2232; x_wconf 91' lang='lat' dir='ltr'><strong>de</strong></span> <span class='ocrx_word' id='word_1_123' title='bbox 1759 2170 1990 2253; x_wconf 89' lang='lat' dir='ltr'><strong>quibus</strong></span> <span class='ocrx_word' id='word_1_124' title='bbox 2038 2171 2106 2232; x_wconf 92' lang='lat' dir='ltr'><strong>in</strong></span> <span class='ocrx_word' id='word_1_125' title='bbox 2154 2167 2337 2233; x_wconf 89' lang='lat' dir='ltr'><strong>libris</strong></span> <span class='ocrx_word' id='word_1_126' title='bbox 2383 2167 2476 2232; x_wconf 94' lang='lat' dir='ltr'><strong>III</strong></span> <span class='ocrx_word' id='word_1_127' title='bbox 2524 2172 2587 2232; x_wconf 91' lang='lat' dir='ltr'><strong>et</strong></span> <span class='ocrx_word' id='word_1_128' title='bbox 2635 2166 2720 2231; x_wconf 91' lang='lat' dir='ltr'><strong>IV</strong></span> <span class='ocrx_word' id='word_1_129' title='bbox 2768 2169 2989 2252; x_wconf 84' lang='lat' dir='ltr'><strong>agitur</strong></span> <span class='ocrx_word' id='word_1_130' title='bbox 3008 2187 3028 2244; x_wconf 80' lang='lat'>3</span> 
     </span>
     <span class='ocr_line' id='line_1_19' title="bbox 641 2271 3033 2360; baseline -0 -26"><span class='ocrx_word' id='word_1_131' title='bbox 641 2292 801 2356; x_wconf 79' lang='lat' dir='ltr'><strong>quae</strong></span> <span class='ocrx_word' id='word_1_132' title='bbox 852 2275 905 2335; x_wconf 89' lang='lat' dir='ltr'><strong>si</strong></span> <span class='ocrx_word' id='word_1_133' title='bbox 953 2271 1273 2337; x_wconf 87' lang='lat' dir='ltr'><strong>adduntur</strong></span> <span class='ocrx_word' id='word_1_134' title='bbox 1316 2276 1396 2337; x_wconf 93' lang='lat' dir='ltr'><strong>iis</strong></span> <span class='ocrx_word' id='word_1_135' title='bbox 1443 2295 1604 2359; x_wconf 91' lang='lat' dir='ltr'><strong>quae</strong></span> <span class='ocrx_word' id='word_1_136' title='bbox 1652 2295 1781 2340; x_wconf 85' lang='lat' dir='ltr'><strong>vss.</strong></span> <span class='ocrx_word' id='word_1_137' title='bbox 1834 2273 2097 2338; x_wconf 84' lang='lat'>55-61</span> <span class='ocrx_word' id='word_1_138' title='bbox 2150 2274 2224 2339; x_wconf 90' lang='lat' dir='ltr'><strong>de</strong></span> <span class='ocrx_word' id='word_1_139' title='bbox 2274 2275 2673 2360; x_wconf 81' lang='lat' dir='ltr'><strong>argumentis</strong></span> <span class='ocrx_word' id='word_1_140' title='bbox 2712 2272 3033 2337; x_wconf 89' lang='lat' dir='ltr'><strong>librorum</strong></span> 
     </span>
     <span class='ocr_line' id='line_1_20' title="bbox 641 2375 3035 2465; baseline 0 -27"><span class='ocrx_word' id='word_1_141' title='bbox 641 2375 672 2438; x_wconf 90' lang='grc' dir='ltr'>Ι</span> <span class='ocrx_word' id='word_1_142' title='bbox 719 2382 783 2439; x_wconf 90' lang='lat' dir='ltr'><strong>et</strong></span> <span class='ocrx_word' id='word_1_143' title='bbox 830 2375 892 2439; x_wconf 94' lang='lat' dir='ltr'><strong>II</strong></span> <span class='ocrx_word' id='word_1_144' title='bbox 939 2384 1089 2441; x_wconf 89' lang='lat' dir='ltr'><strong>sunt</strong></span> <span class='ocrx_word' id='word_1_145' title='bbox 1135 2376 1336 2456; x_wconf 89' lang='lat' dir='ltr'><strong>dicta,</strong></span> <span class='ocrx_word' id='word_1_146' title='bbox 1389 2380 1701 2444; x_wconf 89' lang='lat' dir='ltr'><strong>habemus</strong></span> <span class='ocrx_word' id='word_1_147' title='bbox 1747 2382 2247 2465; x_wconf 83' lang='lat' dir='ltr'><strong>propositionem</strong></span> <span class='ocrx_word' id='word_1_148' title='bbox 2289 2381 2489 2443; x_wconf 91' lang='lat' dir='ltr'><strong>totius</strong></span> <span class='ocrx_word' id='word_1_149' title='bbox 2530 2381 2737 2462; x_wconf 91' lang='lat' dir='ltr'><strong>operis</strong></span> <span class='ocrx_word' id='word_1_150' title='bbox 2775 2381 2901 2454; x_wconf 84' lang='lat' dir='ltr'><strong>ita,</strong></span> <span class='ocrx_word' id='word_1_151' title='bbox 2951 2381 3035 2440; x_wconf 89' lang='lat' dir='ltr'><strong>ut</strong></span> 
     </span>
    </p>
   </div>
   <div class='ocr_carea' id='block_1_6' title="bbox 558 2480 3034 2571">
    <p class='ocr_par' dir='ltr' id='par_1_9' title="bbox 558 2480 3034 2571">
     <span class='ocr_line' id='line_1_21' title="bbox 558 2480 3034 2571; baseline 0.001 -28"><span class='ocrx_word' id='word_1_152' title='bbox 558 2559 562 2563; x_wconf 85' lang='lat'>.</span> <span class='ocrx_word' id='word_1_153' title='bbox 643 2480 840 2545; x_wconf 90' lang='lat' dir='ltr'><strong>simul</strong></span> <span class='ocrx_word' id='word_1_154' title='bbox 899 2482 1254 2547; x_wconf 90' lang='lat' dir='ltr'><strong>indicatum</strong></span> <span class='ocrx_word' id='word_1_155' title='bbox 1318 2487 1402 2548; x_wconf 91' lang='lat' dir='ltr'><strong>sit</strong></span> <span class='ocrx_word' id='word_1_156' title='bbox 1446 2505 1607 2570; x_wconf 85' lang='lat' dir='ltr'><strong>quae</strong></span> <span class='ocrx_word' id='word_1_157' title='bbox 1655 2505 1800 2569; x_wconf 90' lang='lat' dir='ltr'><strong>pars</strong></span> <span class='ocrx_word' id='word_1_158' title='bbox 1846 2488 1931 2549; x_wconf 91' lang='lat' dir='ltr'><strong>sit</strong></span> <span class='ocrx_word' id='word_1_159' title='bbox 1978 2487 2366 2571; x_wconf 83' lang='lat' dir='ltr'><strong>gravissima</strong></span> <span class='ocrx_word' id='word_1_160' title='bbox 2412 2491 2477 2548; x_wconf 90' lang='lat' dir='ltr'><strong>et</strong></span> <span class='ocrx_word' id='word_1_161' title='bbox 2521 2505 2775 2547; x_wconf 88' lang='lat' dir='ltr'><strong>summa</strong></span> <span class='ocrx_word' id='word_1_162' title='bbox 2826 2485 3034 2547; x_wconf 87' lang='lat' dir='ltr'><strong>totius</strong></span> 
     </span>
    </p>
   </div>
   <div class='ocr_carea' id='block_1_7' title="bbox 639 2587 3033 4048">
    <p class='ocr_par' dir='ltr' id='par_1_10' title="bbox 639 2587 3026 2787">
     <span class='ocr_line' id='line_1_22' title="bbox 639 2587 3026 2676; baseline 0.001 -26"><span class='ocrx_word' id='word_1_163' title='bbox 639 2590 734 2651; x_wconf 93' lang='lat' dir='ltr'><strong>rei</strong></span> <span class='ocrx_word' id='word_1_164' title='bbox 774 2595 836 2651; x_wconf 91' lang='lat' dir='ltr'><strong>et</strong></span> <span class='ocrx_word' id='word_1_165' title='bbox 875 2609 1069 2673; x_wconf 86' lang='lat' dir='ltr'><strong>quam</strong></span> <span class='ocrx_word' id='word_1_166' title='bbox 1111 2590 1189 2654; x_wconf 90' lang='lat' dir='ltr'><strong>ob</strong></span> <span class='ocrx_word' id='word_1_167' title='bbox 1231 2606 1509 2655; x_wconf 91' lang='lat' dir='ltr'><strong>causam.</strong></span> <span class='ocrx_word' id='word_1_168' title='bbox 1559 2590 1739 2670; x_wconf 76' lang='lat' dir='ltr'><strong>Quod</strong></span> <span class='ocrx_word' id='word_1_169' title='bbox 1780 2593 1836 2654; x_wconf 90' lang='lat' dir='ltr'><strong>si</strong></span> <span class='ocrx_word' id='word_1_170' title='bbox 1873 2592 2179 2676; x_wconf 89' lang='lat' dir='ltr'><strong>probatur</strong></span> <span class='ocrx_word' id='word_1_171' title='bbox 2215 2593 2347 2655; x_wconf 91' lang='lat' dir='ltr'><strong>iam</strong></span> <span class='ocrx_word' id='word_1_172' title='bbox 2386 2595 2568 2675; x_wconf 83' lang='lat' dir='ltr'><strong>patet</strong></span> <span class='ocrx_word' id='word_1_173' title='bbox 2598 2611 2725 2654; x_wconf 83' lang='lat' dir='ltr'><strong>vss.</strong></span> <span class='ocrx_word' id='word_1_174' title='bbox 2756 2587 3026 2653; x_wconf 82' lang='lat'>50-61</span> 
     </span>
     <span class='ocr_line' id='line_1_23' title="bbox 643 2692 2841 2787; baseline 0.001 -30"><span class='ocrx_word' id='word_1_175' title='bbox 643 2714 758 2758; x_wconf 90' lang='lat' dir='ltr'><strong>suo</strong></span> <span class='ocrx_word' id='word_1_176' title='bbox 806 2692 947 2759; x_wconf 92' lang='lat' dir='ltr'><strong>loco</strong></span> <span class='ocrx_word' id='word_1_177' title='bbox 995 2715 1130 2761; x_wconf 89' lang='lat' dir='ltr'><strong>esse</strong></span> <span class='ocrx_word' id='word_1_178' title='bbox 1176 2700 1416 2781; x_wconf 87' lang='lat' dir='ltr'><strong>positos</strong></span> <span class='ocrx_word' id='word_1_179' title='bbox 1461 2717 1664 2783; x_wconf 89' lang='lat' dir='ltr'><strong>neque</strong></span> <span class='ocrx_word' id='word_1_180' title='bbox 1714 2700 1919 2787; x_wconf 72' lang='lat' dir='ltr'><strong>igitur</strong></span> <span class='ocrx_word' id='word_1_181' title='bbox 1966 2716 2223 2761; x_wconf 89' lang='lat' dir='ltr'><strong>causam</strong></span> <span class='ocrx_word' id='word_1_182' title='bbox 2270 2715 2405 2761; x_wconf 89' lang='lat' dir='ltr'><strong>esse</strong></span> <span class='ocrx_word' id='word_1_183' title='bbox 2456 2693 2841 2760; x_wconf 88' lang='lat' dir='ltr'><strong>secludendi.</strong></span> 
     </span>
    </p>

    <p class='ocr_par' dir='ltr' id='par_1_11' title="bbox 643 2797 3033 3938">
     <span class='ocr_line' id='line_1_24' title="bbox 733 2797 3033 2885; baseline -0 -23"><span class='ocrx_word' id='word_1_184' title='bbox 733 2797 956 2883; x_wconf 89' lang='lat' dir='ltr'><strong>Neque</strong></span> <span class='ocrx_word' id='word_1_185' title='bbox 1001 2807 1221 2865; x_wconf 89' lang='lat' dir='ltr'><strong>autem</strong></span> <span class='ocrx_word' id='word_1_186' title='bbox 1266 2823 1394 2868; x_wconf 84' lang='lat' dir='ltr'><strong>vss.</strong></span> <span class='ocrx_word' id='word_1_187' title='bbox 1452 2799 1842 2865; x_wconf 82' lang='lat'>136—145:</span> <span class='ocrx_word' id='word_1_188' title='bbox 1897 2803 2067 2880; x_wconf 82' lang='lat' dir='ltr'><strong>„Nec</strong></span> <span class='ocrx_word' id='word_1_189' title='bbox 2112 2824 2200 2865; x_wconf 82' lang='lat' dir='ltr'><strong>me</strong></span> <span class='ocrx_word' id='word_1_190' title='bbox 2245 2801 2435 2864; x_wconf 78' lang='lat' dir='ltr'><strong>animi</strong></span> <span class='ocrx_word' id='word_1_191' title='bbox 2462 2801 2665 2885; x_wconf 72' lang='lat' dir='ltr'><strong>fallit</strong></span> <span class='ocrx_word' id='word_1_192' title='bbox 2711 2799 3033 2863; x_wconf 73' lang='lat' dir='ltr'><strong>Graiorum,</strong></span> 
     </span>
     <span class='ocr_line' id='line_1_25' title="bbox 645 2905 3025 2990; baseline 0 -23"><span class='ocrx_word' id='word_1_193' title='bbox 645 2905 889 2968; x_wconf 71' lang='lat' dir='ltr'><strong>obscura</strong></span> <span class='ocrx_word' id='word_1_194' title='bbox 968 2914 1204 2987; x_wconf 74' lang='lat' dir='ltr'><strong>reperta</strong></span> <span class='ocrx_word' id='word_1_195' title='bbox 1275 2908 1523 2990; x_wconf 68' lang='lat' dir='ltr'><strong>dffcile</strong></span> <span class='ocrx_word' id='word_1_196' title='bbox 1591 2907 1924 2970; x_wconf 72' lang='lat' dir='ltr'><strong>inbastrare</strong></span> <span class='ocrx_word' id='word_1_197' title='bbox 1992 2907 2236 2970; x_wconf 72' lang='lat' dir='ltr'><strong>Latinis</strong></span> <span class='ocrx_word' id='word_1_198' title='bbox 2306 2907 2569 2970; x_wconf 66' lang='lat' dir='ltr'><strong>versibus</strong></span> <span class='ocrx_word' id='word_1_199' title='bbox 2639 2907 2801 2969; x_wconf 67' lang='lat' dir='ltr'><strong>ased&#39;</strong></span> <span class='ocrx_word' id='word_1_200' title='bbox 2875 2910 3025 2968; x_wconf 83' lang='lat' dir='ltr'><strong>cett.</strong></span> 
     </span>
     <span class='ocr_line' id='line_1_26' title="bbox 644 3007 3032 3098; baseline -0 -24"><span class='ocrx_word' id='word_1_201' title='bbox 644 3010 1054 3075; x_wconf 86' lang='lat' dir='ltr'><strong>secludendos</strong></span> <span class='ocrx_word' id='word_1_202' title='bbox 1115 3034 1283 3089; x_wconf 88' lang='lat' dir='ltr'><strong>esse,</strong></span> <span class='ocrx_word' id='word_1_203' title='bbox 1348 3007 1534 3078; x_wconf 86' lang='lat' dir='ltr'><strong>facile</strong></span> <span class='ocrx_word' id='word_1_204' title='bbox 1597 3014 1745 3078; x_wconf 90' lang='lat' dir='ltr'><strong>inde</strong></span> <span class='ocrx_word' id='word_1_205' title='bbox 1808 3015 2216 3098; x_wconf 82' lang='lat' dir='ltr'><strong>perspicitur.</strong></span> <span class='ocrx_word' id='word_1_206' title='bbox 2290 3014 2413 3078; x_wconf 85' lang='lat' dir='ltr'><strong>Res</strong></span> <span class='ocrx_word' id='word_1_207' title='bbox 2476 3016 2615 3097; x_wconf 85' lang='lat' dir='ltr'><strong>ip&#39;sa</strong></span> <span class='ocrx_word' id='word_1_208' title='bbox 2663 3014 2837 3076; x_wconf 91' lang='lat' dir='ltr'><strong>enim</strong></span> <span class='ocrx_word' id='word_1_209' title='bbox 2879 3012 3032 3074; x_wconf 77' lang='lat' dir='ltr'><strong>‘sine</strong></span> 
     </span>
     <span class='ocr_line' id='line_1_27' title="bbox 643 3114 3031 3204; baseline 0.001 -25"><span class='ocrx_word' id='word_1_210' title='bbox 643 3114 776 3181; x_wconf 90' lang='lat' dir='ltr'><strong>ullo</strong></span> <span class='ocrx_word' id='word_1_211' title='bbox 847 3116 1041 3181; x_wconf 86' lang='lat' dir='ltr'><strong>dubio</strong></span> <span class='ocrx_word' id='word_1_212' title='bbox 1108 3121 1383 3203; x_wconf 89' lang='lat' dir='ltr'><strong>pertinet</strong></span> <span class='ocrx_word' id='word_1_213' title='bbox 1445 3118 1523 3183; x_wconf 86' lang='lat' dir='ltr'><strong>ad</strong></span> <span class='ocrx_word' id='word_1_214' title='bbox 1589 3122 1994 3204; x_wconf 88' lang='lat' dir='ltr'><strong>prooemium</strong></span> <span class='ocrx_word' id='word_1_215' title='bbox 2058 3139 2261 3203; x_wconf 90' lang='lat' dir='ltr'><strong>neque</strong></span> <span class='ocrx_word' id='word_1_216' title='bbox 2324 3118 2497 3183; x_wconf 90' lang='lat' dir='ltr'><strong>ullus</strong></span> <span class='ocrx_word' id='word_1_217' title='bbox 2566 3118 2746 3183; x_wconf 90' lang='lat' dir='ltr'><strong>locus</strong></span> <span class='ocrx_word' id='word_1_218' title='bbox 2819 3119 3031 3203; x_wconf 87' lang='lat' dir='ltr'><strong>aptior</strong></span> 
     </span>
     <span class='ocr_line' id='line_1_28' title="bbox 645 3222 3029 3309; baseline -0 -23"><span class='ocrx_word' id='word_1_219' title='bbox 645 3228 885 3300; x_wconf 84' lang='lat' dir='ltr'><strong>exstat,</strong></span> <span class='ocrx_word' id='word_1_220' title='bbox 966 3223 1080 3287; x_wconf 91' lang='lat' dir='ltr'><strong>ubi</strong></span> <span class='ocrx_word' id='word_1_221' title='bbox 1151 3222 1444 3289; x_wconf 86' lang='lat' dir='ltr'><strong>collocari</strong></span> <span class='ocrx_word' id='word_1_222' title='bbox 1521 3227 1801 3309; x_wconf 89' lang='lat' dir='ltr'><strong>possint,</strong></span> <span class='ocrx_word' id='word_1_223' title='bbox 1889 3227 1944 3289; x_wconf 90' lang='lat' dir='ltr'><strong>si</strong></span> <span class='ocrx_word' id='word_1_224' title='bbox 2028 3225 2219 3288; x_wconf 91' lang='lat' dir='ltr'><strong>modo</strong></span> <span class='ocrx_word' id='word_1_225' title='bbox 2306 3228 2473 3288; x_wconf 90' lang='lat' dir='ltr'><strong>recte</strong></span> <span class='ocrx_word' id='word_1_226' title='bbox 2560 3225 3029 3288; x_wconf 81' lang='lat' dir='ltr'><strong>cohaerentiam</strong></span> 
     </span>
     <span class='ocr_line' id='line_1_29' title="bbox 645 3330 3031 3415; baseline 0 -24"><span class='ocrx_word' id='word_1_227' title='bbox 645 3330 1047 3412; x_wconf 89' lang='lat' dir='ltr'><strong>superiorum</strong></span> <span class='ocrx_word' id='word_1_228' title='bbox 1101 3332 1401 3414; x_wconf 16' lang='lat' dir='ltr'><strong>*partium</strong></span> <span class='ocrx_word' id='word_1_229' title='bbox 1463 3333 1905 3415; x_wconf 81' lang='lat' dir='ltr'><strong>exposuerim3</strong></span> <span class='ocrx_word' id='word_1_230' title='bbox 1974 3350 2363 3415; x_wconf 90' lang='lat' dir='ltr'><strong>quamquam</strong></span> <span class='ocrx_word' id='word_1_231' title='bbox 2424 3332 2678 3414; x_wconf 84' lang='lat' dir='ltr'><strong>proprie</strong></span> <span class='ocrx_word' id='word_1_232' title='bbox 2742 3350 2870 3393; x_wconf 91' lang='lat' dir='ltr'><strong>non</strong></span> <span class='ocrx_word' id='word_1_233' title='bbox 2932 3333 3031 3392; x_wconf 90' lang='lat' dir='ltr'><strong>est</strong></span> 
     </span>
     <span class='ocr_line' id='line_1_30' title="bbox 645 3434 3031 3519; baseline 0 -23"><span class='ocrx_word' id='word_1_234' title='bbox 645 3434 1004 3519; x_wconf 82' lang='lat' dir='ltr'><strong>rogandum</strong></span> <span class='ocrx_word' id='word_1_235' title='bbox 1073 3438 1353 3519; x_wconf 90' lang='lat' dir='ltr'><strong>possitne</strong></span> <span class='ocrx_word' id='word_1_236' title='bbox 1424 3435 1548 3500; x_wconf 90' lang='lat' dir='ltr'><strong>alio</strong></span> <span class='ocrx_word' id='word_1_237' title='bbox 1610 3434 1753 3500; x_wconf 93' lang='lat' dir='ltr'><strong>loco</strong></span> <span class='ocrx_word' id='word_1_238' title='bbox 1816 3438 2029 3519; x_wconf 90' lang='lat' dir='ltr'><strong>aptius</strong></span> <span class='ocrx_word' id='word_1_239' title='bbox 2092 3435 2415 3513; x_wconf 86' lang='lat' dir='ltr'><strong>collocari,</strong></span> <span class='ocrx_word' id='word_1_240' title='bbox 2481 3434 2590 3499; x_wconf 86' lang='lat' dir='ltr'><strong>sed</strong></span> <span class='ocrx_word' id='word_1_241' title='bbox 2652 3440 2880 3519; x_wconf 85' lang='lat' dir='ltr'><strong>aptene</strong></span> <span class='ocrx_word' id='word_1_242' title='bbox 2944 3436 3031 3496; x_wconf 91' lang='lat' dir='ltr'><strong>sit</strong></span> 
     </span>
     <span class='ocr_line' id='line_1_31' title="bbox 648 3538 3031 3626; baseline -0 -24"><span class='ocrx_word' id='word_1_243' title='bbox 648 3538 953 3603; x_wconf 88' lang='lat' dir='ltr'><strong>collocata</strong></span> <span class='ocrx_word' id='word_1_244' title='bbox 1024 3539 1237 3624; x_wconf 90' lang='lat' dir='ltr'><strong>aliqua</strong></span> <span class='ocrx_word' id='word_1_245' title='bbox 1305 3562 1450 3626; x_wconf 90' lang='lat' dir='ltr'><strong>pars</strong></span> <span class='ocrx_word' id='word_1_246' title='bbox 1523 3543 1827 3606; x_wconf 88' lang='lat' dir='ltr'><strong>orationis</strong></span> <span class='ocrx_word' id='word_1_247' title='bbox 1897 3542 2022 3618; x_wconf 88' lang='lat' dir='ltr'><strong>ibi,</strong></span> <span class='ocrx_word' id='word_1_248' title='bbox 2095 3542 2209 3605; x_wconf 91' lang='lat' dir='ltr'><strong>ubi</strong></span> <span class='ocrx_word' id='word_1_249' title='bbox 2275 3544 2353 3605; x_wconf 84' lang='lat' dir='ltr'><strong>in.</strong></span> <span class='ocrx_word' id='word_1_250' title='bbox 2411 3541 2731 3605; x_wconf 86' lang='lat' dir='ltr'><strong>codicibus</strong></span> <span class='ocrx_word' id='word_1_251' title='bbox 2795 3539 3031 3603; x_wconf 88' lang='lat' dir='ltr'><strong>tradita</strong></span> 
     </span>
     <span class='ocr_line' id='line_1_32' title="bbox 645 3642 3029 3732; baseline 0 -26"><span class='ocrx_word' id='word_1_252' title='bbox 645 3642 908 3730; x_wconf 81' lang='lat' dir='ltr'><strong>legitur.</strong></span> <span class='ocrx_word' id='word_1_253' title='bbox 972 3646 1266 3709; x_wconf 86' lang='lat' dir='ltr'><strong>Arbitror</strong></span> <span class='ocrx_word' id='word_1_254' title='bbox 1329 3653 1545 3711; x_wconf 89' lang='lat' dir='ltr'><strong>autem</strong></span> <span class='ocrx_word' id='word_1_255' title='bbox 1611 3648 1729 3711; x_wconf 87' lang='lat' dir='ltr'><strong>hos</strong></span> <span class='ocrx_word' id='word_1_256' title='bbox 1789 3668 2013 3711; x_wconf 85' lang='lat' dir='ltr'><strong>versus</strong></span> <span class='ocrx_word' id='word_1_257' title='bbox 2072 3647 2192 3712; x_wconf 92' lang='lat' dir='ltr'><strong>hoc</strong></span> <span class='ocrx_word' id='word_1_258' title='bbox 2236 3646 2377 3711; x_wconf 90' lang='lat' dir='ltr'><strong>loco</strong></span> <span class='ocrx_word' id='word_1_259' title='bbox 2426 3649 2639 3732; x_wconf 88' lang='lat' dir='ltr'><strong>aptius</strong></span> <span class='ocrx_word' id='word_1_260' title='bbox 2686 3667 2751 3709; x_wconf 90' lang='lat' dir='ltr'><strong>se</strong></span> <span class='ocrx_word' id='word_1_261' title='bbox 2796 3645 3029 3708; x_wconf 88' lang='lat' dir='ltr'><strong>habere</strong></span> 
     </span>
     <span class='ocr_line' id='line_1_33' title="bbox 647 3748 3024 3837; baseline 0 -25"><span class='ocrx_word' id='word_1_262' title='bbox 647 3768 844 3833; x_wconf 90' lang='lat' dir='ltr'><strong>quam</strong></span> <span class='ocrx_word' id='word_1_263' title='bbox 889 3770 986 3813; x_wconf 84' lang='lat' dir='ltr'><strong>ex.</strong></span> <span class='ocrx_word' id='word_1_264' title='bbox 1035 3771 1134 3835; x_wconf 83' lang='lat' dir='ltr'><strong>gr.</strong></span> <span class='ocrx_word' id='word_1_265' title='bbox 1187 3772 1259 3815; x_wconf 90' lang='lat' dir='ltr'><strong>eo</strong></span> <span class='ocrx_word' id='word_1_266' title='bbox 1296 3751 1437 3817; x_wconf 91' lang='lat' dir='ltr'><strong>loco</strong></span> <span class='ocrx_word' id='word_1_267' title='bbox 1476 3754 1588 3816; x_wconf 91' lang='lat' dir='ltr'><strong>ubi</strong></span> <span class='ocrx_word' id='word_1_268' title='bbox 1627 3752 2113 3817; x_wconf 86' lang='lat' dir='ltr'><strong>Bockemueller</strong></span> <span class='ocrx_word' id='word_1_269' title='bbox 2152 3774 2257 3817; x_wconf 89' lang='lat' dir='ltr'><strong>eos</strong></span> <span class='ocrx_word' id='word_1_270' title='bbox 2300 3755 2548 3837; x_wconf 85' lang='lat' dir='ltr'><strong>posuit,</strong></span> <span class='ocrx_word' id='word_1_271' title='bbox 2591 3758 2731 3837; x_wconf 91' lang='lat' dir='ltr'><strong>post</strong></span> <span class='ocrx_word' id='word_1_272' title='bbox 2768 3772 2863 3814; x_wconf 81' lang='lat' dir='ltr'><strong>vs.</strong></span> <span class='ocrx_word' id='word_1_273' title='bbox 2900 3748 3024 3813; x_wconf 89' lang='grc'><strong>101</strong></span> 
     </span>
     <span class='ocr_line' id='line_1_34' title="bbox 649 3855 2035 3938; baseline 0.004 -22"><span class='ocrx_word' id='word_1_274' title='bbox 649 3860 880 3917; x_wconf 58' lang='lat' dir='ltr'><strong>tanmem</strong></span> <span class='ocrx_word' id='word_1_275' title='bbox 926 3855 1140 3935; x_wconf 73' lang='lat' dir='ltr'><strong>rebiyio</strong></span> <span class='ocrx_word' id='word_1_276' title='bbox 1175 3858 1384 3938; x_wconf 75' lang='lat' dir='ltr'><strong>potuit</strong></span> <span class='ocrx_word' id='word_1_277' title='bbox 1427 3859 1679 3921; x_wconf 70' lang='lat' dir='ltr'><strong>suadere</strong></span> <span class='ocrx_word' id='word_1_278' title='bbox 1726 3858 2035 3921; x_wconf 76' lang='lat' dir='ltr'><strong>malorum.</strong></span> 
     </span>
    </p>

    <p class='ocr_par' dir='ltr' id='par_1_12' title="bbox 740 3957 3029 4048">
     <span class='ocr_line' id='line_1_35' title="bbox 740 3957 3029 4048; baseline 0.001 -27"><span class='ocrx_word' id='word_1_279' title='bbox 740 3957 1017 4024; x_wconf 91' lang='lat' dir='ltr'><strong>Omnino</strong></span> <span class='ocrx_word' id='word_1_280' title='bbox 1080 3982 1157 4026; x_wconf 81' lang='lat' dir='ltr'><strong>ex</strong></span> <span class='ocrx_word' id='word_1_281' title='bbox 1220 3962 1374 4027; x_wconf 89' lang='lat' dir='ltr'><strong>artis</strong></span> <span class='ocrx_word' id='word_1_282' title='bbox 1437 3966 1789 4047; x_wconf 82' lang='lat' dir='ltr'><strong>praeceptis</strong></span> <span class='ocrx_word' id='word_1_283' title='bbox 1854 3963 2108 4042; x_wconf 86' lang='lat' dir='ltr'><strong>„studio</strong></span> <span class='ocrx_word' id='word_1_284' title='bbox 2169 3962 2551 4048; x_wconf 89' lang='lat' dir='ltr'><strong>dispositum</strong></span> <span class='ocrx_word' id='word_1_285' title='bbox 2596 3962 2811 4027; x_wconf 90' lang='lat' dir='ltr'><strong>fideli&#39;&#39;</strong></span> <span class='ocrx_word' id='word_1_286' title='bbox 2861 3960 3029 4025; x_wconf 92' lang='lat' dir='ltr'><strong>mihi</strong></span> 
     </span>
    </p>
   </div>
   <div class='ocr_carea' id='block_1_8' title="bbox 657 4130 1080 4141">
    <p class='ocr_par' dir='ltr' id='par_1_13' title="bbox 657 4130 1080 4141">
     <span class='ocr_line' id='line_1_36' title="bbox 657 4130 1080 4141; baseline 0 1322"><span class='ocrx_word' id='word_1_287' title='bbox 657 4130 1080 4141; x_wconf 95' lang='lat' dir='ltr'><strong> </strong></span> 
     </span>
    </p>
   </div>
   <div class='ocr_carea' id='block_1_9' title="bbox 649 4208 3031 4464">
    <p class='ocr_par' dir='ltr' id='par_1_14' title="bbox 649 4208 3031 4464">
     <span class='ocr_line' id='line_1_37' title="bbox 717 4208 3031 4301; baseline -0.001 -15"><span class='ocrx_word' id='word_1_288' title='bbox 717 4239 766 4299; x_wconf 92' lang='lat'><strong>1)</strong></span> <span class='ocrx_word' id='word_1_289' title='bbox 811 4238 894 4286; x_wconf 81' lang='lat' dir='ltr'><strong>Ex.</strong></span> <span class='ocrx_word' id='word_1_290' title='bbox 941 4253 1016 4301; x_wconf 83' lang='lat' dir='ltr'><strong>gr.</strong></span> <span class='ocrx_word' id='word_1_291' title='bbox 1065 4237 1457 4287; x_wconf 74' lang='lat' dir='ltr'><strong>Bockemuellerz</strong></span> <span class='ocrx_word' id='word_1_292' title='bbox 1511 4226 1616 4286; x_wconf 59' lang='lat' dir='ltr'><strong>‚die</strong></span> <span class='ocrx_word' id='word_1_293' title='bbox 1651 4237 1979 4299; x_wconf 84' lang='lat' dir='ltr'><strong>Aeusserung,</strong></span> <span class='ocrx_word' id='word_1_294' title='bbox 2015 4238 2099 4286; x_wconf 86' lang='lat' dir='ltr'><strong>der</strong></span> <span class='ocrx_word' id='word_1_295' title='bbox 2131 4236 2164 4284; x_wconf 84' lang='lat' dir='ltr'><strong>J</strong></span> <span class='ocrx_word' id='word_1_296' title='bbox 2168 4236 2511 4287; x_wconf 82' lang='lat' dir='ltr'><strong>ustizministcr</strong></span> <span class='ocrx_word' id='word_1_297' title='bbox 2544 4208 2637 4287; x_wconf 82' lang='lat' dir='ltr'><strong>von</strong></span> <span class='ocrx_word' id='word_1_298' title='bbox 2674 4238 2753 4295; x_wconf 83' lang='lat'><strong>58,</strong></span> <span class='ocrx_word' id='word_1_299' title='bbox 2789 4236 2873 4284; x_wconf 86' lang='lat' dir='ltr'><strong>der</strong></span> <span class='ocrx_word' id='word_1_300' title='bbox 2910 4235 3031 4283; x_wconf 84' lang='lat' dir='ltr'><strong>Ver-</strong></span> 
     </span>
     <span class='ocr_line' id='line_1_38' title="bbox 649 4317 3031 4383; baseline -0.001 -15"><span class='ocrx_word' id='word_1_301' title='bbox 649 4320 791 4368; x_wconf 85' lang='lat' dir='ltr'><strong>ehrer</strong></span> <span class='ocrx_word' id='word_1_302' title='bbox 843 4320 922 4368; x_wconf 84' lang='lat' dir='ltr'><strong>des</strong></span> <span class='ocrx_word' id='word_1_303' title='bbox 965 4319 1282 4383; x_wconf 82' lang='lat' dir='ltr'><strong>Empedokles</strong></span> <span class='ocrx_word' id='word_1_304' title='bbox 1326 4320 1445 4367; x_wconf 79' lang='lat' dir='ltr'><strong>lasse</strong></span> <span class='ocrx_word' id='word_1_305' title='bbox 1491 4318 1591 4367; x_wconf 85' lang='lat' dir='ltr'><strong>sich</strong></span> <span class='ocrx_word' id='word_1_306' title='bbox 1639 4318 1691 4367; x_wconf 88' lang='lat' dir='ltr'><strong>in</strong></span> <span class='ocrx_word' id='word_1_307' title='bbox 1728 4317 1907 4367; x_wconf 85' lang='lat' dir='ltr'><strong>seincm</strong></span> <span class='ocrx_word' id='word_1_308' title='bbox 1944 4318 2143 4367; x_wconf 85' lang='lat' dir='ltr'><strong>Dcnken</strong></span> <span class='ocrx_word' id='word_1_309' title='bbox 2178 4320 2276 4367; x_wconf 85' lang='lat' dir='ltr'><strong>und</strong></span> <span class='ocrx_word' id='word_1_310' title='bbox 2309 4320 2450 4368; x_wconf 89' lang='lat' dir='ltr'><strong>Thun</strong></span> <span class='ocrx_word' id='word_1_311' title='bbox 2487 4320 2635 4368; x_wconf 83' lang='lat' dir='ltr'><strong>durch</strong></span> <span class='ocrx_word' id='word_1_312' title='bbox 2674 4317 3031 4383; x_wconf 78' lang='lat' dir='ltr'><strong>phantastische</strong></span> 
     </span>
     <span class='ocr_line' id='line_1_39' title="bbox 649 4398 2946 4464; baseline -0.001 -13"><span class='ocrx_word' id='word_1_313' title='bbox 649 4402 876 4451; x_wconf 72' lang='lat' dir='ltr'><strong>Gemiilde</strong></span> <span class='ocrx_word' id='word_1_314' title='bbox 921 4403 1007 4451; x_wconf 86' lang='lat' dir='ltr'><strong>der</strong></span> <span class='ocrx_word' id='word_1_315' title='bbox 1041 4402 1221 4451; x_wconf 84' lang='lat' dir='ltr'><strong>Poeten</strong></span> <span class='ocrx_word' id='word_1_316' title='bbox 1254 4401 1562 4460; x_wconf 79' lang='lat' dir='ltr'><strong>bestimmen,</strong></span> <span class='ocrx_word' id='word_1_317' title='bbox 1599 4400 1719 4450; x_wconf 80' lang='lat' dir='ltr'><strong>wird</strong></span> <span class='ocrx_word' id='word_1_318' title='bbox 1752 4400 1822 4448; x_wconf 89' lang='lat' dir='ltr'><strong>im</strong></span> <span class='ocrx_word' id='word_1_319' title='bbox 1858 4402 2041 4449; x_wconf 89' lang='lat' dir='ltr'><strong>Munde</strong></span> <span class='ocrx_word' id='word_1_320' title='bbox 2075 4402 2155 4449; x_wconf 84' lang='lat' dir='ltr'><strong>des</strong></span> <span class='ocrx_word' id='word_1_321' title='bbox 2190 4401 2431 4451; x_wconf 81' lang='lat' dir='ltr'><strong>Freundes</strong></span> <span class='ocrx_word' id='word_1_322' title='bbox 2465 4417 2549 4450; x_wconf 87' lang='lat' dir='ltr'><strong>zur</strong></span> <span class='ocrx_word' id='word_1_323' title='bbox 2585 4398 2946 4464; x_wconf 81' lang='lat' dir='ltr'><strong>Beleidigung&#39;’.</strong></span> 
     </span>
    </p>
   </div>
   <div class='ocr_carea' id='block_1_10' title="bbox 3348 629 3351 3511">
    <p class='ocr_par' dir='ltr' id='par_1_15' title="bbox 3348 629 3351 3511">
     <span class='ocr_line' id='line_1_40' title="bbox 3348 629 3351 3511; baseline 0 0"><span class='ocrx_word' id='word_1_324' title='bbox 3348 629 3351 3511; x_wconf 95' lang='lat' dir='ltr'><strong> </strong></span> 
     </span>
    </p>
   </div>
   <div class='ocr_carea' id='block_1_11' title="bbox 3348 629 3351 5421">
    <p class='ocr_par' dir='ltr' id='par_1_16' title="bbox 3348 629 3351 5421">
     <span class='ocr_line' id='line_1_41' title="bbox 3348 629 3351 5421; baseline 0 0"><span class='ocrx_word' id='word_1_325' title='bbox 3348 629 3351 5421; x_wconf 95' lang='lat' dir='ltr'><strong> </strong></span> 
     </span>
    </p>
   </div>
  </div>
 </body>
</html>
