3351 5463
642 323 781 406 432,
1091 342 1175 388 An
1223 341 1423 388 0Ass11
1468 340 1680 388 moms
1727 341 2145 398 zomRAnQun
2195 339 2547 390 ms'romAs.

641 508 865 574 eodem
938 510 1145 593 capite
1215 509 1250 592 ξ
1298 505 1375 570 11
1451 511 1539 591 (p.
1608 504 1861 586 66.12)
1930 508 2126 570 etiam
2196 505 2680 572 condonandum
2746 507 3034 572 Zonarae

638 613 953 678 iudicabis
968 659 985 689 ,
1050 619 1127 676 ut
1192 613 1482 676 tribunos
1528 616 1706 691 (nam
1755 610 1830 675 de
1875 613 1958 674 iis
2005 632 2214 676 sermo
2268 617 2388 692 est)
2435 612 2813 697 simpliciter
2859 613 3036 677 dicat

642 716 983 797 ἄρχοντες-’ἶ
1050 718 1151 781 An
1214 738 1470 782 mecum
1518 716 1711 781 verba
1757 714 2227 795 ἀποδειχθέντες
2278 717 2340 781 δὲ
2392 715 2791 798 ἄρχοντες
2841 718 3040 782 corri-

642 825 851 912 genda
912 824 1169 909 putabis
1228 828 1292 888 et
1356 821 1798 887 scribendum:
1864 821 2336 901 ἀποδειχθέντες
2404 821 2465 887 δὲ
2531 821 3038 903 (δήμ>αρχοί

644 939 958 1012 (τινες)
1012 925 1192 994 ἄλλοι
1241 952 1309 992 τε
1363 927 1465 992 κα)
1519 925 1920 1007 Οὖεργίνιοςῗ

734 1151 808 1216 Ι11
856 1152 1145 1236 sequenti
1193 1151 1398 1234 capite
1444 1146 1545 1232 §5
1594 1153 1684 1232 (p.
1714 1145 1819 1213 67.
1853 1147 1962 1228 13)
2001 1150 2138 1233 ipse
2181 1167 2429 1232 quoque
2470 1147 2745 1213 dubitas.
2794 1148 3038 1214 Editur

646 1261 852 1323 enim:
904 1254 1054 1322 οὕτω
1094 1256 1214 1331 μὲν
1265 1250 1359 1319 οὖν
1411 1258 1619 1318 ταῦτα
1671 1253 2084 1331 παραδέδοται
2132 1256 2449 1338 γίνεσθαι,
2496 1255 2696 1319 καίτοι
2744 1256 2811 1319 οὐ
2851 1254 3036 1331 μόνον

644 1370 759 1426 τῶν
828 1361 1077 1427 ὑπάτων
1142 1359 1506 1438 δικτάτορας
1572 1359 1956 1436 ἀνειπόντων,
2022 1359 2126 1422 καὶ
2192 1364 2402 1423 ταῦτα
2458 1359 2618 1424 πολὺ
2665 1366 2774 1432 τῆς
2824 1360 3032 1441 ἀρχῆς

645 1468 873 1542 ἐκείνης
949 1464 1446 1542 ἐλαττουμένων,
1498 1464 1695 1528 ἀλλὰ
1768 1464 1871 1526 καὶ
1943 1464 2292 1543 χιλιάρχων
2365 1469 2543 1530 τοῦτο
2610 1464 3034 1538 πεποιηκότων

645 1574 865 1638 ε’νιότε·
916 1572 1175 1647 λέγεται
1225 1571 1287 1636 δὲ
1336 1567 1427 1634 ὅτι
1475 1569 1664 1640 οὐδεὶς
1716 1576 1830 1634 τῶν
1881 1570 2233 1649 χιλιάρχων
2281 1570 2482 1636 καίτοι
2523 1570 2828 1643 πολλάκις
2873 1595 3037 1645 νικη-

645 1677 882 1742 σάντων
944 1674 1207 1739 ἐπινίκια
1272 1672 1575 1753 ἔπεμψεν.
1640 1673 1743 1738 Ad
1801 1675 1956 1738 haec
2019 1676 2211 1741 verba
2273 1674 2626 1740 adnotasti:
2680 1677 3034 1760 ,,γίνεσθαι]

648 1783 946 1847 exciditne
993 1781 1233 1866 ahquid
1247 1778 1314 1844 ?''
1366 1780 1532 1844 Mihi
1579 1801 1733 1845 vero
1779 1801 1983 1866 neque
2029 1781 2381 1867 quidquam
2423 1782 2637 1847 deesse
2683 1785 3038 1848 sententiae

648 1889 905 1953 videtur
950 1908 1155 1974 neque
1194 1889 1319 1951 nisi
1357 1886 1690 1951 levissima
1728 1887 2090 1972 corruptela
2126 1888 2321 1953 verba
2357 1889 2686 1973 scriptoris
2724 1888 3034 1954 laborare.
3133 1927 3146 1936 ·

649 1995 898 2080 Opponi
959 1995 1129 2058 enim
1193 1997 1349 2077 puto
1410 1992 1622 2057 verbis
1668 1993 1781 2070 μὲν
1832 1989 1927 2057 οὖν
1974 1994 2168 2058 verba
2206 1993 2416 2057 καίτοι
2464 1994 2762 2072 λέγεται,
2811 2000 2874 2059 et
2918 2017 3039 2080 pro

648 2102 710 2166 δὲ
758 2101 1151 2165 substituens
1198 2100 1266 2175 δή
1315 2105 1532 2164 totum
1579 2099 1797 2164 locum
1842 2102 1936 2164 ita
1981 2100 2278 2185 dispono:
2331 2099 2481 2166 οὕτω
2531 2103 2645 2177 μὲν
2684 2098 2781 2166 οὖν
2818 2107 3034 2166 ταῦτα

650 2206 1062 2286 παραδέδοται
1125 2205 1439 2283 γίνεσθαι·
1508 2205 1742 2281 καίτοι,
1809 2207 1873 2269 οὖ
1939 2205 2115 2281 μόνον
2175 2213 2291 2270 τῶν
2358 2207 2608 2271 ὑπάτων
2668 2206 3037 2285 δικτάτορας

651 2312 1015 2377 οὶνειπόντων
1069 2359 1083 2376 .
1116 2359 1129 2376 .
1161 2358 1175 2374 .
1206 2359 1220 2374 .
1271 2310 1450 2375 οὶλλοὶ
1499 2310 1601 2374 καὶ
1650 2309 2000 2390 χιλιάρχων
2047 2317 2227 2375 τοῦτο
2272 2311 2707 2390 πεποιηκότων,
2771 2311 3040 2390 λέγεται

654 2420 721 2492 δὴ
770 2415 859 2483 ὅτι
910 2433 1095 2482 κ.τ.λ.
1145 2416 1245 2481 Ita
1291 2422 1626 2501 postquam
1677 2421 2044 2481 enarratum
2094 2421 2190 2482 est
2237 2439 2362 2502 qua
2405 2421 2473 2482 in
2520 2439 2587 2482 re
2627 2421 3040 2484 convenirent

651 2524 935 2589 consules
982 2523 1350 2607 tribunique
1397 2521 1712 2587 militares
1760 2523 2034 2588 adicitur
2078 2542 2206 2606 qua
2250 2545 2317 2587 re
2363 2523 2669 2588 different.

640 2749 645 2755 '
739 2742 889 2807 Zon.
931 2741 993 2806 8.
1019 2741 1083 2805 »3.
1112 2741 1151 2805 3
1192 2746 1365 2826 (pag.
1412 2740 1560 2804 121.
1592 2740 1704 2818 14)
1751 2740 1853 2804 καὶ
1894 2740 1996 2805 τὸν
2038 2741 2259 2818 Πύρρον
2300 2742 2732 2819 καταπλήξειν
2770 2742 3032 2817 ἤλπισεν

651 2850 700 2913 εἰ
751 2849 960 2917 αὐτοῖς
1013 2846 1319 2910 ἐθελονταὶ
1371 2845 1611 2922 ἐπίοιεν,
1662 2842 1770 2917 0ὓέ
1809 2847 2028 2918 ἐκεῖνος
2079 2855 2414 2923 πολιορκεῖν
2465 2846 2890 2926 προσεδόκησε.
2943 2884 3031 2895 -

649 2956 1007 3019 Pronomen
1070 2953 1279 3023 αὐτοῖς
1348 2949 1625 3016 offendit.
1694 2951 2004 3037 Sperabat
2065 2953 2374 3019 Lavinius
2440 2954 2574 3019 fore
2620 2958 2696 3018 ut
2742 2953 3038 3041 Pyrrhus

650 3064 1165 3126 commoveretur
1249 3057 1667 3123 admiratione
1743 3080 1814 3123 ac
1884 3062 2116 3123 timore
2189 3061 2241 3124 si
2313 3060 2582 3125 vidisset
2673 3080 2779 3124 eos
2863 3061 3040 3144 ipsos

649 3160 821 3231 ultro
868 3165 947 3230 ad
994 3185 1059 3228 se
1106 3166 1431 3229 venientes
1479 3185 1635 3248 quos
1685 3164 1969 3229 obsidere
2016 3166 2083 3228 in
2133 3166 2344 3229 animo
2391 3164 2685 3230 habebat.
2735 3164 2914 3243 Quod
2960 3169 3041 3227 ut

650 3272 1005 3336 accuratius
1086 3269 1404 3334 indicetur
1482 3269 1675 3333 scribi
1759 3274 2010 3354 oportet
2092 3290 2205 3354 pro
2277 3272 2491 3341 αὐτοῖς
2561 3272 3038 3334 nominativum

652 3376 912 3441 esdroL

742 3584 865 3648 Dio
913 3582 977 3647 X
1023 3582 1101 3646 fr.
1152 3580 1259 3647 40.
1287 3582 1373 3647 46
1422 3587 1509 3667 (Ρ.
1558 3581 1736 3662 135).
1785 3583 2011 3648 Nescio
2061 3582 2376 3673 quomodo
2421 3603 2674 3667 semper
2719 3585 3038 3667 quotiens-

654 3709 927 3773 cumque
988 3688 1143 3751 haec
1205 3686 1353 3774 lego
1418 3690 1842 3773 suspicionem
1911 3709 2124 3754 meam
2187 3692 2453 3754 movent
2513 3686 2627 3752 illa
2686 3686 2778 3752 δι’
2830 3687 2974 3767 &xp
2996 3710 3040 3749 ι-

652 3796 896 3871 βείας
958 3793 1183 3865 αὐτοὺς
1249 3793 1529 3858 ἐποιεῖτο.
1594 3794 1916 3859 Novimus
1983 3814 2130 3859 sane
2195 3794 2582 3859 vocabulum
2628 3792 2915 3871 ἀκρίβεια
2963 3796 3031 3857 111

654 3900 900 3966 deliciis
938 3920 1071 3965 esse
1110 3897 1335 3976 Dioni,
1378 3904 1441 3963 et
1480 3899 1792 3984 quidquid
1834 3905 2126 3963 accurate
2161 3905 2224 3964 et
2261 3921 2412 3963 cum
2450 3901 2650 3963 animi
2687 3900 3033 3963 attentione

655 4011 886 4091 agatur
932 4004 1010 4069 ab
1060 4026 1132 4069 eo
1181 4004 1308 4068 dici
1352 4004 1427 4069 δι’
1474 4005 1800 4082 ἀκριβείας
1846 4004 1951 4069 vel
1999 4006 2144 4082 πρὸς
2191 4004 2260 4066 τὸ
2301 4004 2554 4081 ἀκριβὲς
2596 4025 2730 4069 6666
2771 4004 3034 4069 factum.

653 4111 739 4174 Et
786 4113 1083 4175 convenit
1130 4131 1281 4174 cum
1326 4110 1519 4173 huius
1561 4109 1862 4175 vocabuli
1901 4130 2090 4174 sensu
2131 4130 2201 4174 ac
2244 4112 2313 4174 vi
2351 4112 2608 4195 propria
2643 4110 2712 4173 id
2750 4110 2922 4194 quod
2962 4110 3036 4175 de

656 4216 908 4280 Tiberio
954 4216 1094 4281 Lib.
1141 4214 1369 4280 LVIIL
1423 4214 1525 4279 16.
1559 4216 1592 4279 1
1653 4218 1924 4300 scriptor
1970 4220 2123 4281 tuus
2171 4215 2336 4279 dixit
2383 4215 2532 4293 „nai
2582 4218 2708 4295 γὰρ
2756 4216 2841 4280 τοὶ
2889 4218 3038 4295 χρή-

656 4344 837 4396 ματα
908 4321 1066 4385 πολὺ
1135 4324 1381 4397 μᾶλλον
1454 4320 1559 4393 ἤδη
1636 4320 1710 4385 δι’
1775 4321 2102 4400 ἀκριβείας
2163 4320 2465 4386 ἐποιεῖτο”
2530 4322 2764 4405 quibus
2823 4322 3037 4388 verbis

656 4426 1121 4513 quodammodo
1188 4428 1485 4491 imitatur
1555 4427 1902 4490 dictionem
1971 4426 2254 4493 Platonis
2271 4475 2287 4505 ,
2359 4428 2426 4491 in
2499 4428 2681 4491 cuius
2754 4422 3038 4515 Legibus
