3351 5463
1342 381 1841 432 Aum'rormne.
2651 364 2777 429 301

500 546 789 632 Propono
832 549 1074 633 igitur:

856 648 1054 733 ὥσπερ
1100 653 1419 724 τεθνεῶτος
1461 659 1897 734 καταλοᾷς
1945 674 2094 727 μου
2139 651 2243 716 τὸν
2284 651 2444 729 βίον,

408 757 576 822 unde
635 777 1003 843 praegresso
1067 756 1439 835 λουσόμενος.
1493 762 1718 822 natum
1787 777 1921 824 θεεθ
1977 759 2310 824 κασαλούει
2359 762 2452 839 (n,
2503 765 2615 837 εις)
2659 778 2788 822 non

409 866 507 927 θεῖ
552 861 720 946 quod
763 864 1097 928 miremur.

499 1043 609 1109 Vs.
663 1043 856 1110 1224.
906 1041 1095 1110 Ganit
1140 1044 1201 1109 N
1204 1045 1433 1110 ubium
1477 1045 1745 1110 chorus:

680 1148 831 1223 ήνΙιι·
879 1148 955 1213 ἂν
1002 1149 1132 1230 γὰρ
1178 1146 1256 1214 αἵ
1292 1151 1351 1213 τ’
1399 1150 1585 1215 ε’λοῖαι
1633 1149 2044 1226 βλαστάνωσ’
2093 1144 2168 1211 αἵ
2205 1149 2263 1211 τ’
2311 1146 2586 1224 ἄμπελοι

679 1257 721 1319 οὶ
742 1279 789 1319 π·
809 1278 835 1319 ο
854 1280 890 1320 ιι
910 1279 939 1318 ε
958 1280 993 1319 κ
1011 1256 1042 1319 ό
1058 1260 1111 1333 ψ
1131 1279 1158 1320 ο
1174 1279 1204 1316 ν
1225 1278 1263 1318 τ
1281 1279 1358 1319 αι
1383 1277 1398 1294 ·
1448 1256 1764 1325 τοιαύταις
1811 1253 2170 1334 σφενδόναις
2222 1255 2589 1331 παιήσομεν.

410 1359 550 1426 Imo
589 1381 740 1426 vero
780 1385 816 1425 ιι
835 1383 878 1422 α
894 1384 932 1424 ‘t
952 1383 994 1424 α
1016 1384 1053 1424 ιι
1071 1386 1099 1426 ε
1118 1384 1153 1423 ιι
1173 1359 1271 1438 όψ
1290 1384 1317 1424 ο
1334 1385 1363 1423 ν
1382 1385 1420 1424 τ
1436 1385 1477 1424 α
1498 1385 1537 1426 ι.
1582 1360 1879 1425 Fortasse
1916 1363 2172 1426 inversa
2206 1361 2449 1425 ratione
2472 1358 2629 1424 Ach.
2657 1357 2787 1423 955

410 1465 633 1546 χῶπως
698 1491 733 1530 κ
754 1491 793 1529 α
813 1491 850 1530 τ
870 1466 937 1531 οί
955 1489 991 1528 σ
1012 1489 1039 1529 ε
1060 1489 1077 1529 ι
1097 1490 1125 1536 ς
1190 1466 1378 1531 αὐτὸν
1429 1465 1884 1544 εὐλαβούμενος
1937 1466 2210 1532 scribere
2253 1469 2531 1550 praestat
2580 1465 2623 1527 ἄ
2642 1487 2794 1528 ποι-

410 1595 603 1644 σεις.

500 1753 607 1818 Ve.
662 1751 858 1819 1273.

586 1857 714 1923 Str.
762 1857 826 1922 ‘tl
870 1859 1030 1933 δῆτα
1076 1866 1276 1935 ληρεῖς
1326 1855 1524 1937 ὥσπερ
1572 1861 1689 1923 ἀπ’
1737 1855 1865 1922 ὄνου
1915 1860 2322 1938 zaran-ecclam

568 1963 715 2028 Am.
763 1969 958 2043 ληρῶ,
1008 1963 1092 2026 τὰ
1142 1962 1423 2042 χρήματ’
1472 1962 1829 2041 ἀπολαβεῖν
1875 1965 1927 2028 εἴ
1974 1964 2325 2041 βούλομαι;

590 2066 715 2133 Str.
763 2070 869 2133 οὐκ
921 2065 1042 2132 ἔσθ’
1089 2063 1248 2138 ὅπως
1296 2068 1373 2134 σύ
1422 2074 1490 2146 γ’
1536 2069 1785 2140 αὐτὸς
1835 2069 2172 2148 ὖγιαΙνεις;
2222 2070 2372 2134 Am.
2421 2071 2497 2132 ‘tl
2543 2069 2708 2146 δα1;

591 2172 716 2238 Str.
766 2173 869 2238 τὸν
917 2173 1273 2251 ἐγκέφαλον
1322 2170 1519 2254 ὥσπερ
1567 2176 1885 2238 σεσεῖσθαί
1924 2199 2026 2249 μοι
2074 2174 2285 2244 δοκεῖς.

412 2279 485 2344 Si
528 2280 731 2350 αὐτὸς
795 2299 1023 2344 sanum
1083 2284 1214 2356 θεῖ,
1264 2278 1488 2363 procul
1534 2279 1726 2345 dubio
1774 2281 1968 2346 verba
2011 2283 2118 2344 οὐκ
2147 2317 2230 2330 --
2261 2281 2589 2358 cymium-3
2639 2302 2790 2345 cum

411 2384 739 2450 Meinekio
802 2386 1121 2471 Amyniae
1182 2385 1609 2450 continuanda
1670 2391 1822 2450 sunt
1839 2434 1855 2463 ,
1921 2387 2031 2451 sed
2090 2388 2185 2451 ita
2246 2389 2358 2452 vix
2402 2393 2571 2450 recte
2614 2386 2788 2450 idem

409 2492 472 2554 σί
520 2489 656 2567 δαί;
706 2492 989 2556 mutavit
1033 2491 1102 2553 in
1150 2490 1245 2553 ἶαΙ
1288 2491 1454 2569 (zar),
1505 2490 1677 2575 quod
1722 2491 2062 2577 gaudentis
2108 2497 2205 2556 θεῖ
2243 2491 2350 2570 (cf.
2391 2490 2544 2576 Lys.
2591 2489 2784 2566 1292,
2895 2480 2905 2494 '

406 2593 579 2660 Eccl.
619 2591 840 2674 1179),
880 2593 1230 2679 Strepsiadi
1272 2597 1559 2662 tribuens
1598 2597 1762 2661 hanc
1799 2596 2350 2661 exclamationem.
2397 2595 2791 2681 Expectatur

408 2702 623 2787 potius
690 2701 1009 2766 ironicum
1071 2699 1279 2779 ἰδού,
1342 2706 1457 2767 aut
1518 2702 1607 2767 σὺ
1673 2701 1752 2766 δὲ
1807 2699 1821 2787 Ι
1878 2702 1979 2767 τὸν
2042 2699 2439 2781 ἐγκέφαλον·
2505 2715 2640 2764 κτλ.
2717 2699 2788 2765 Si

408 2810 628 2871 contra
696 2806 763 2870 σΙ
823 2804 924 2869 δαί
940 2826 958 2883 ;
1030 2810 1199 2870 recte
1260 2805 1577 2872 traditum
1639 2813 1772 2885 θεῖ,
1837 2808 2188 2872 necessario
2252 2805 2629 2871 mendosum
2694 2811 2790 2871 θεῖ

412 2911 597 2981 αὐτός
615 2958 633 2989 ,
706 2909 876 2996 quod
941 2914 1157 2975 minus
1220 2916 1436 2976 tamen
1497 2915 1639 2979 veri
1701 2910 1916 2977 simile
1977 2918 2074 2977 θεῖ
2092 2960 2109 2988 ,
2175 2913 2326 2996 quia
2387 2911 2562 2977 haud
2606 2911 2789 2977 facile

410 3019 544 3101 apti
590 3015 834 3102 aliquid
877 3038 992 3102 pro
1039 3037 1113 3082 eo
1162 3017 1471 3082 substitui
1516 3023 1744 3103 potest.
1796 3018 1956 3085 Nam
2006 3020 2298 3102 ineptum
2347 3023 2443 3082 θεῖ
2487 3018 2792 3104 Bergkia-

406 3144 565 3187 num
629 3118 797 3195 αὖθις
818 3171 836 3201 ,
902 3144 1017 3188 nec
1078 3125 1223 3189 voci
1287 3123 1471 3200 ἐτεὸν,
1537 3123 1614 3190 de
1663 3144 1791 3208 qua
1837 3125 2100 3188 forsitan
2147 3125 2388 3208 cogitet
2433 3125 2750 3208 quispiam
2770 3170 2787 3200 ,

304 3256 371 3301 ,·
411 3235 589 3294 extra
650 3231 1091 3313 quaestionem
1137 3227 1318 3294 locus
1364 3235 1481 3295 θεῖ.
1547 3227 1645 3296 Of.
1698 3228 1805 3294 93.
1855 3228 2008 3293 820.
2064 3228 2260 3293 1502.
2309 3228 2426 3312 Eq.
2476 3228 2582 3292 32.
2635 3226 2786 3294 733.

414 3333 608 3401 1246.
678 3333 874 3399 1392.
945 3334 1104 3399 Ach.
1170 3334 1325 3400 822.
1394 3334 1546 3400 609.
1617 3334 1806 3419 Vesp.
1871 3332 1934 3398 8.
2004 3332 2152 3398 184.
2190 3331 2373 3421 836.
2444 3334 2566 3397 Av.
2633 3332 2787 3397 393.

408 3438 577 3505 Eccl.
644 3436 797 3505 376.
863 3438 1067 3519 Quare
1130 3438 1351 3505 nullus
1410 3440 1631 3504 dubito
1681 3442 1837 3523 quin
1883 3437 2452 3523 obtemperandum
2499 3424 2584 3502 eit
2628 3438 2792 3504 Mei-

409 3544 597 3609 nekio
612 3592 631 3622 ,
678 3546 774 3609 ita
818 3548 1034 3610 tamen
1080 3551 1157 3609 ut
1201 3546 1265 3610 ‘rt
1311 3544 1447 3622 δαίς
1500 3542 1691 3609 aliter
1737 3545 2107 3629 corrigatur.

497 3710 605 3776 Vs.
659 3707 853 3775 1297.
901 3710 1009 3775 οὐκ
1051 3709 1495 3803 ἀποδιώξει
1546 3709 1836 3774 σαυτὸν
1884 3709 2009 3773 ἀπὸ
2059 3716 2168 3781 τῆς
2221 3710 2452 3787 οἰκίας,

408 3816 689 3882 Plurimi
734 3821 801 3881 et
847 3817 1079 3903 optimi
1120 3815 1270 3882 libri
1317 3815 1669 3892 αποδιώξεις
1693 3863 1710 3893 ,
1753 3814 1923 3899 quod
1962 3821 2112 3879 sunt
2153 3818 2266 3900 qui
2303 3817 2543 3881 iniuria
2582 3816 2790 3882 defen·
2881 3803 2889 3813 ¹

412 3921 580 3987 dant.
643 3920 815 3986 Mihi
873 3942 1019 3987 cum
1068 3919 1359 3987 Bentleio
1404 3924 1623 4006 ipsum
1669 3920 1940 3986 verbum
1987 3926 2358 4006 suspectum
2402 3927 2534 3997 θεῖ,
2585 3920 2789 4000 „Quo²

409 4027 599 4093 modo
647 4029 823 4093 enim
866 4026 1081 4111 ipse,''
1131 4029 1379 4111 inquit,
1426 4047 1535 4104 „se
1578 4024 1920 4089 ἁποδιώκοι.
1968 4022 2113 4091 Duo
2161 4029 2291 4090 sint
2329 4046 2580 4092 necesse
2620 4027 2784 4092 θεῖ.”

407 4130 741 4217 Ingeniose
810 4130 952 4197 coll.
1024 4133 1147 4197 Av.
1219 4129 1389 4197 1467
1461 4133 1834 4196 criticorum
1903 4134 2198 4217 princeps
2267 4134 2618 4197 coniecerat
2678 4134 2783 4197 οὐκ

407 4237 973 4314 ἀπολιβάξεις
1039 4237 1327 4314 αὐτόθ’,
1393 4243 1457 4301 θῖ
1521 4237 1787 4301 fortasse
1845 4244 2050 4313 recte,
2114 4238 2240 4300 nisi
2303 4237 2474 4321 quod
2521 4238 2787 4303 debebat

406 4366 451 4406 α
467 4345 500 4408 ὖ
518 4367 556 4406 τ
573 4344 597 4408 ι’
616 4346 693 4407 κ’.
765 4342 946 4423 Quod
1015 4344 1191 4407 enim
1257 4348 1477 4427 postea
1542 4342 1718 4407 idem
1785 4342 2123 4428 vulgatam
2191 4342 2493 4407 tuebatur
2553 4342 2782 4409 collato

407 4448 529 4514 AV.
598 4444 771 4514 1467
844 4449 948 4513 οὐκ
1012 4449 1463 4527 ἀναμετρήσεις
1526 4450 1751 4513 σαυτὸν
1813 4450 2005 4513 ἀπιὼν
2067 4450 2369 4529 αλλαχῡς
2440 4447 2617 4514 nulla
2679 4471 2782 4514 me
