3351 5463
1284 401 1651 450 monemus.
2535 383 2662 451 321

288 573 409 632 tur.
454 566 719 632 Deinde·
743 566 813 632 id
859 565 1027 651 quod
1071 565 1337 652 Brieger
1381 566 1870 633 Lachmannum
1909 572 2181 660 secutus·
2201 567 2366 655 legit
2405 568 2666 634 nullum

285 674 397 738 hoc
454 672 593 738 loco
656 672 849 738 habet
912 691 1190 738 sensum.
1262 671 1431 738 Nam
1490 673 1688 738 verba
1751 694 1913 759 quae
1977 681 2131 739 sunt
2202 695 2395 752 „cum
2456 673 2662 760 lapidi

282 777 560 862 lapidem
632 781 903 843 terimus
921 825 937 855 ,
1011 798 1269 842 manare
1337 779 1696 856 cruorem’',
1762 781 2017 844 etiamsi
2077 779 2320 864 aliquid
2382 784 2526 845 ante
2591 799 2665 845 ea

286 884 585 950 excidisse
655 885 1099 948 existimemus
1117 931 1133 961 ,
1199 883 1363 948 nihil
1426 883 1786 970 significare
1848 891 2117 970 possunt
2181 887 2307 949 nisi
2368 907 2445 950 ex
2507 887 2666 971 ipsis

285 989 601 1074 lapidibus
667 991 838 1053 tritis
902 993 1191 1074 oportere
1251 1009 1509 1054 manare
1572 1010 1864 1055 eruorem
1924 993 2059 1056 sive
2121 993 2497 1076 sanguinem
2515 1037 2534 1068 ,
2596 990 2666 1056 id

288 1095 447 1180 quod
504 1115 581 1159 ea
642 1093 1005 1160 condicione
1053 1101 1311 1160 tantum
1358 1116 1607 1160 verum·
1635 1102 1800 1161 esset
1818 1143 1836 1174 ,
1887 1099 1944 1161 si
1986 1096 2230 1181 lapides
2277 1095 2662 1162 animalibus

284 1205 391 1264 aut
449 1199 823 1264 hominibus
885 1204 1095 1264 essent
1153 1193 1550 1266 nutrimento
1612 1203 1707 1266 ita
1768 1207 1843 1266 ut
1889 1222 1965 1266 ex
2011 1204 2092 1267 iis
2137 1201 2317 1267 fieret
2363 1204 2662 1288 sanguis;

284 1305 395 1370 hoc
439 1306 679 1370 autem'
709 1325 912 1389 neque
961 1305 1371 1391 Anaxagoras
1390 1353 1406 1383 ,
1448 1326 1652 1392 neque
1689 1305 2006 1391 Epicurus
2024 1355 2040 1382 ,
2082 1327 2288 1392 neque
2326 1307 2664 1373 Lueretius

280 1413 492 1495 potuit
528 1409 903 1476 contendere
921 1458 939 1489 ,
977 1411 1146 1496 quod
1169 1416 1337 1476 recte
1361 1413 1751 1496 antiquiores
1773 1414 2153 1497 interpretes
2176 1416 2660 1498 perspexerunt.

362 1517 705 1581 Praeterea
754 1515 1017 1580 Lachm.
1080 1522 1147 1581 et
1204 1515 1421 1601 Brieg.
1488 1536 1585 1582 vs.
1635 1515 1767 1582 885
1837 1537 2056 1582 vocem
2111 1517 2308 1580 herbis
2354 1536 2515 1601 quae
2567 1520 2662 1582 ita

280 1621 519 1708 legitur
570 1622 643 1686 in
706 1620 1031 1686 codicibus
1048 1668 1065 1697 ,
1134 1626 1392 1686 mutant
1436 1623 1504 1685 in
1549 1622 1762 1685 herbas
1780 1669 1796 1699 ,
1847 1620 2014 1712 quod
2061 1623 2331 1687 minime
2379 1627 2475 1687 est
2522 1642 2660 1706 pro-

286 1727 584 1792 bandum.

362 1831 657 1917 Denique
702 1851 1096 1917 quamquam
1132 1832 1415 1897 nondum
1456 1832 1620 1896 mihi
1656 1834 1932 1919 contigit
1963 1838 2045 1924 ¹¹¹²
2079 1834 2438 1898 invenirem
2479 1831 2656 1898 aliud

283 1938 650 2024 exemplum
710 1938 891 2004 verbi
950 1938 1196 2003 terendi
1260 1939 1584 2002 coniuncti
1628 1958 1777 2002 eum
1827 1940 2292 2023 praepositione
2338 1939 2407 2003 in
2452 1944 2519 2004 et
2564 1959 2661 2004 ac-

282 2065 432 2122 cus„
496 2050 713 2109 tamen
778 2065 891 2129 per
953 2064 1019 2109 se
1078 2049 1215 2108 tam
1261 2043 1541 2108 dilucida
1586 2049 1684 2107 est
1727 2043 1882 2108 haec
1927 2046 2313 2108 constructio
2331 2092 2348 2121 ,
2399 2049 2474 2108 ut
2521 2047 2656 2110 sine

278 2147 587 2234 exemplis
646 2169 775 2214 non
835 2148 1123 2214 offendat.
1188 2149 1285 2214 Ob
1345 2150 1459 2213 has
1519 2169 1739 2214 causas
1785 2169 2004 2213 omnes
2054 2148 2326 2213 arbitror
2369 2149 2441 2213 id
2483 2150 2654 2234 quod

277 2254 588 2319 traditum
646 2253 892 2340 legitur
952 2276 1080 2319 non
1143 2275 1277 2320 esse
1340 2254 1729 2319 mutandum
1747 2302 1763 2330 ,
1829 2254 1940 2319 sed
2001 2273 2220 2319 sanam
2273 2257 2656 2320 sententiam

278 2360 593 2445 praebere.

372 2792 405 2856 I
451 2788 585 2855 998
630 2788 969 2875 postremo
1002 2794 1148 2855 ante
1194 2787 1411 2855 oculos
1456 2778 1557 2853 res
1605 2808 1744 2853 rem
1789 2787 1970 2854 finire
2015 2788 2291 2866 videtur,

368 2902 373 2905 '
632 2901 740 2961 aer
785 2894 1090 2980 dissaepit
1136 2894 1316 2961 collis
1362 2899 1555 2979 atque
1603 2900 1749 2959 aera
1793 2898 2045 2959 montes
2063 2942 2080 2971 ,

630 3008 799 3066 terra
843 3021 1018 3066 mare
1064 3006 1128 3066 et
1173 3004 1391 3065 contra
1437 3020 1613 3063 mare
1658 3006 1857 3065 terras
1906 3001 2211 3064 terminat
2257 3001 2499 3063 omnis:

632 3126 819 3171 omne
865 3106 1126 3192 quidem
1170 3126 1323 3172 vero
1370 3105 1465 3170 nil
1512 3111 1609 3170 est
1656 3106 1828 3189 quod
1874 3105 2056 3169 finiat
2100 3109 2300 3170 extra.

356 3214 625 3298 Brieger
684 3217 937 3278 auctore
996 3211 1581 3277 Hoerschelmanno
1642 3211 1758 3275 hos
1821 3231 2044 3276 versus
2107 3210 2388 3276 seclusit.
2452 3208 2651 3273 Hoer-

272 3317 716 3383 schelm‘annus
783 3321 960 3383 enim
1020 3338 1076 3383 a.
1148 3314 1319 3383 1877
1390 3316 1880 3382 Observationes
1940 3317 2354 3382 Lucretianas
2418 3314 2648 3379 alteras

272 3426 483 3489 emisit
499 3471 517 3503 ‚
582 3423 815 3508 quibus
872 3429 1081 3489 totam
1126 3424 1566 3508 quaestionem
1613 3422 1690 3486 de
1735 3423 1910 3487 inani
1955 3421 2332 3486 Lucretiano
2376 3424 2650 3504 pertrac-

272 3532 452 3596 tavit.
527 3528 627 3594 De
694 3548 821 3594 vss.
884 3528 1161 3594 laudatis
1222 3532 1440 3592 autem
1503 3548 1651 3613 pag.
1718 3526 1806 3592 20
1867 3527 2022 3591 haec
2085 3526 2274 3591 dicit:
2343 3546 2464 3603 „ne
2521 3544 2646 3610 ego

270 3636 527 3718 quidem
564 3634 897 3699 turbatum
936 3654 1071 3699 esse
1111 3637 1643 3719 argumentorum
1677 3633 1966 3697 ordinem
2003 3634 2072 3696 in
2097 3634 2208 3709 eis,
2223 3640 2396 3717 ‘quae
2419 3652 2483 3696 v.
2511 3626 2642 3695 997

271 3744 585 3817 secuntur,
633 3741 1025 3825 negaverim.
1072 3739 1241 3805 Nam
1279 3739 1570 3805 versibus
1612 3737 1832 3804 998-
1846 3738 2014 3803 1001
2059 3744 2231 3801 extra
2265 3758 2452 3802 omne
2483 3733 2648 3799 nihil

270 3866 395 3912 esse
440 3849 685 3911 iterum
724 3848 1081 3930 exponitur,
1123 3845 1292 3930 quod
1330 3850 1475 3929 post
1512 3846 1799 3929 primum
1839 3850 1908 3909 et
1947 3843 2226 3909 alterum
2266 3846 2648 3929 argumenta

269 3951 411 4017 huic
458 3949 796 4016 simillima
812 3998 828 4028 ,
876 3956 1023 4015 ante
1066 3953 1337 4015 tertium
1382 3939 1746 4015 faciendum
1785 3950 1982 4015 fuisse
2019 3952 2373 4015 rectissime
2411 3948 2648 4013 Munro

268 4056 591 4122 iudicavit.
657 4054 782 4121 Sed
828 4056 1144 4140 proferam
1191 4054 1361 4141 quod
1407 4057 1633 4120 sentio.
1683 4054 1881 4120 Nullo
1931 4057 2192 4120 omnino
2236 4055 2376 4120 loco
2422 4073 2645 4119 versus

269 4161 407 4239 isti,
480 4158 703 4245 quales
768 4165 1024 4238 extant,
1090 4143 1243 4245 ⁴apte
1308 4162 1507 4225 inseri
1566 4165 1836 4245 possunt
1895 4180 2100 4245 neque
2162 4158 2296 4224 ullo
2357 4179 2645 4243 unquam

270 4266 487 4331 inserti
547 4266 828 4331 fuerunt.
892 4265 1077 4331 Nihil
1136 4267 1309 4330 enim
1372 4267 1463 4329 eis
1525 4267 1907 4343 continetur,
1971 4269 2126 4351 quin
2173 4272 2237 4330 et
2283 4264 2536 4351 plenius
2582 4268 2648 4329 et

267 4374 470 4457 magis
531 4372 867 4457 perspicue
913 4373 981 4436 in
1028 4374 1239 4455 primo
1280 4376 1661 4457 argumento
1713 4392 1821 4437 vv.
1873 4368 2230 4437 958—967
2279 4371 2644 4455 expositum

271 4476 379 4540 sit:
442 4475 637 4541 finem
696 4476 864 4561 nihil
908 4477 1140 4542 habere
1158 4524 1175 4554 ,
1223 4478 1349 4541 nisi
1396 4484 1577 4541 extra
1622 4479 1708 4541 sit
1758 4477 1928 4562 quod
1973 4476 2187 4556 finiat;
2235 4482 2413 4542 extra
2459 4495 2644 4541 omne
