3351 5463
1228 389 1613 439 usomus.
2483 366 2613 435 137
2677 424 2694 431 -

314 542 551 644 Ἀςαῐῑι
606 555 758 622 184.
808 555 967 637 (194
1014 553 1217 636 Wkl.)

954 661 1058 726 καὶ
1108 658 1234 725 τόθ’
1286 660 1535 738 ἡγεμὼν
1583 662 1613 725 ὃ
1660 658 1801 741 πρέ-

952 768 1114 845 σβυς
1162 772 1302 831 νεῶν
1349 769 1696 846 Ἀχαιῖκῶν

951 872 1180 949 μοὶντιν
1230 871 1439 937 οὔτινα
1487 868 1724 951 ψέγων,

952 979 1243 1055 ἐμπαίοις
1292 977 1552 1058 τύχαισι
1603 978 1945 1058 συμπνέων,

952 1079 1079 1149 εὖτ’
1130 1085 1369 1165 ἀπλοίᾳ
1416 1093 1728 1162 κεναγγεῖ
1766 1083 1959 1163 βαρύ-

954 1192 1103 1255 νοντ’
1151 1190 1482 1268 Ἀχαιΐκὸς
1530 1192 1707 1270 λεώς,
1757 1190 1887 1256 xri.

266 1295 327 1359 In
381 1298 572 1381 priore
618 1300 799 1380 parte
842 1298 1191 1360 sententiae
1237 1297 1510 1360 verbum
1558 1296 1818 1361 finitum
1837 1345 1853 1374 ,
1903 1299 2086 1361 cuius
2133 1296 2417 1362 absentia
2461 1297 2616 1363 ferri

264 1423 365 1466 non
406 1407 606 1487 potest
625 1451 641 1480 ,
684 1422 873 1487 aegre
913 1402 1324 1479 desideratur,
1366 1402 1647 1467 abundat
1687 1408 1905 1467 contra
1942 1402 2332 1467 vocabulum
2364 1401 2616 1480 Ἀχαιΐ-

264 1514 376 1585 κῶν,
419 1508 584 1593 quod
629 1506 853 1594 procul
900 1508 1093 1573 dubio
1140 1528 1175 1571 e
1221 1528 1285 1573 v.
1341 1506 1471 1572 189
1520 1507 1782 1573 illatum
1829 1512 1893 1572 et
1933 1511 2190 1572 omnino
2229 1508 2613 1572 eiiciendum

264 1618 358 1677 est.
410 1614 668 1679 Primus
730 1613 851 1679 hoc
906 1616 1149 1697 optime
1195 1616 1491 1698 exposuit
1537 1614 1754 1692 Keck3
1807 1613 1975 1699 quod
2020 1618 2239 1679 autem
2285 1615 2615 1699 proposuit

248 1698 325 1781 ⁸ad
376 1718 662 1785 lacunam
724 1719 1137 1805 explendam,
1200 1720 1419 1800 χαμαὶ
1484 1720 1744 1797 βλέπεν,
1811 1719 2001 1785 valde
2055 1719 2342 1806 languet.
2407 1717 2612 1796 Weil,

260 1822 460 1889 Keckii
506 1825 1126 1891 animadversionem
1170 1823 1469 1913 laudans,
1520 1828 1789 1890 coniecit
1836 1824 2141 1911 ἐκαρτέρει
2165 1874 2179 1900 ,
2239 1825 2435 1910 quod,
2491 1824 2615 1888 etsi

262 1931 447 1995 minus
511 1931 842 2016 improbo,
914 1936 1133 1995 tamen
1198 1952 1322 1995 non
1392 1950 1649 2015 prorsus
1711 1929 1955 2015 placet,
2022 1951 2224 2015 quum
2287 1928 2410 1994 alia
2471 1949 2613 1994 con-

262 2038 575 2101 structione
592 2085 608 2114 ,
650 2034 1039 2121 participiali
1076 2041 1151 2099 ut
1188 2038 1281 2099 ita
1322 2031 1529 2100 dicam
1547 2084 1563 2113 ,
1607 2056 1768 2121 opus
1793 2056 1926 2101 esse
1947 2035 2248 2100 iudicem.
2292 2032 2613 2119 Equidem

263 2139 416 2203 credo
472 2143 665 2206 etiam
729 2162 956 2205 vocem
1018 2147 1158 2204 νεῶν
1221 2139 1575 2219 abundare3
1642 2141 1888 2217 ἡγεμὼν
1941 2142 1968 2205 ὃ
2016 2139 2286 2219 πρέσβυς
2352 2141 2611 2203 omnino

263 2243 461 2308 sufficit
524 2247 603 2310 ad
666 2246 1223 2332 Agamemnonem
1295 2246 1765 2332 designandum
1786 2267 1802 2325 ;
1874 2246 1954 2310 cf.
2003 2267 2068 2310 v.
2121 2243 2275 2321 205,
2348 2243 2512 2320 ἄναξ
2581 2245 2611 2308 ὃ

264 2347 526 2425 πρέσβυς.
574 2350 994 2417 Scribendum
1042 2356 1239 2436 puto:

952 2455 1056 2520 καὶ
1108 2456 1233 2521 τόθ’
1283 2458 1531 2533 ἡγεμὼν
1582 2456 1611 2519 ὃ
1660 2456 1798 2536 πρέ-

952 2561 1113 2638 σβυς
1162 2562 1338 2639 διιῖγε
1388 2568 1712 2641 καρτερῶν,

953 2668 1179 2745 μάντιν
1226 2665 1436 2733 οὔτινα
1484 2667 1720 2746 ψέγων,

950 2775 1237 2849 ἐμπαίοις
1284 2774 1542 2855 τύχαισι
1593 2773 1934 2852 συμπνέων,
1985 2773 2113 2841 κτὲ.

262 2873 382 2941 Ηοο
422 2877 735 2965 Aeschylo
782 2900 907 2943 non
952 2879 1297 2964 indignum
1344 2880 1509 2944 mihi
1554 2880 1814 2945 videtur
1830 2899 1847 2957 ;
1897 2878 2007 2944 alii
2053 2879 2357 2944 iudicent.

337 3073 555 3160 Agam.
602 3076 757 3143 416.
806 3076 965 3156 (425
1015 3076 1220 3157 Wkl.)

952 3182 1271 3262 εὐμόρφων
1321 3181 1383 3245 δὲ
1433 3189 1735 3246 κολοσσῶν

950 3284 1208 3369 ἔχθεται
1254 3288 1442 3367 χάρις
1489 3286 1660 3366 ἀνδρί
1687 3308 1701 3325 ·

948 3392 1247 3469 ὀμμάτων
1298 3393 1349 3456 δ’
1399 3393 1459 3455 ἕν
1505 3391 1801 3471 ἀχηνίαις

952 3496 1095 3579 ἔρρει
1147 3501 1303 3563 πᾶσ’
1352 3498 1715 3579 Ἀφροδίτα.

264 3599 465 3669 Vocem
527 3611 824 3669 κολοσσῶν
870 3605 1021 3671 ferri
1059 3627 1185 3670 non
1232 3626 1415 3690 posse
1463 3607 1719 3670 omnino
1767 3608 2026 3689 apparet
2044 3652 2060 3680 ,
2112 3608 2178 3669 et
2224 3624 2608 3690 magnopere

266 3709 448 3787 miror,
498 3709 966 3776 Weckleinium
1012 3708 1243 3791 (Orest.
1295 3732 1356 3795 p.
1408 3710 1521 3790 61)
1568 3709 1950 3794 simpliciter
1993 3713 2360 3774 annotasse:
2405 3723 2614 3802 κολοσ-

266 3814 375 3890 σῶν,
416 3822 763 3880 3tatuarum.
817 3815 1105 3893 „Revera
1150 3816 1431 3881 κολοσσοί
1474 3837 1601 3880 non
1648 3819 1798 3879 sunt
1839 3816 2100 3899 quaevis
2142 3816 2461 3900 imagines
2501 3815 2610 3880 sed

266 3921 477 3984 statuae
513 3923 807 4006 ingentes
856 3920 1073 4005 quales
1120 3928 1300 3986 erant
1348 3922 1828 4007 Aegyptiorum
1866 3940 2020 4004 quas
2066 3918 2436 3985 Herodotus
2480 3941 2612 3985 me-

266 4031 471 4103 morat;
519 4031 665 4090 tum
709 4047 838 4092 vox
886 4026 1175 4098 κολοσσός
1222 4048 1346 4093 non
1393 4034 1491 4092 est
1531 4028 1748 4091 Attica
1764 4046 1782 4104 ;
1828 4023 2066 4090 accedit
2105 4026 2274 4110 quod
2313 4024 2605 4106 εὔμορφοι

266 4148 344 4192 res
374 4133 754 4197 inanimatae
794 4154 924 4198 non
963 4132 1329 4197 dicuntur.”
1380 4132 1556 4198 Haec
1596 4134 1812 4196 omnia
1847 4134 1979 4196 iam
2017 4139 2164 4196 ante
2189 4131 2612 4218 quadraginta

267 4251 429 4302 annos
484 4237 758 4302 Karsten
819 4240 1076 4302 monuit
1135 4241 1204 4302 in
1252 4238 1525 4303 editione
1573 4258 1689 4303 sua
1737 4239 2239 4323 Agamemnonis
2287 4242 2376 4323 (p.
2430 4235 2606 4319 177).

267 4333 514 4407 Coniecit
558 4348 831 4408 νεοσσῶν.
882 4341 1260 4410 Coniectura
1306 4341 1537 4408 multis
1582 4343 1948 4408 nominibus
1995 4343 2496 4422 commendatur,
2547 4349 2610 4409 et

262 4438 485 4514 lectioni
528 4447 835 4537 vulgatae
880 4449 1055 4516 haud
1100 4471 1331 4536 parum
1377 4453 1655 4534 praestat
1671 4498 1688 4527 ‚
1729 4451 1822 4513 ita
1859 4454 1935 4514 ut
1980 4469 2364 4537 magnopere
2411 4452 2607 4515 mirer
