3351 5463
713 355 799 421 44
1704 374 2091 430 Anscnrnus.

807 538 963 606 Gho.
1018 540 1190 605 1018
1238 542 1470 613 ἀσινῆ
1520 539 1748 617 βίοτον.
1795 540 2092 605 Veterem
2140 561 2352 604 meam
2398 544 2826 606 coniecturam
2872 544 3089 616 ἀσινῆς

679 648 918 731 'nuper
977 649 1278 732 repetivit
1340 645 1785 722 Stadtmiiller,
1842 667 1955 730 pro
2003 644 2225 717 ἄνατος
2248 695 2263 722 ,
2314 646 2482 732 quod
2528 649 2598 710 in
2644 647 2862 724 ἀτηρὸν
2908 649 3098 714 refin-

612 831 616 836 ⁸
710 753 936 838 gebat,
984 773 1338 838 proponens
1385 753 1673 829 ἀπήμον’,
1724 751 1927 836 quod,
1978 754 2032 815 si
2073 754 2280 826 οέσινὺς
2322 752 2688 830 admiseris,
2729 755 2946 818 minus
2986 777 3098 840 ap-

710 863 854 921 tum
915 857 1190 921 videtur.
1254 856 1472 942 Magis
1521 858 1685 922 mihi
1732 858 2037 942 probatur
2084 857 2371 922 eiusdem
2418 861 2697 943 suspicio
2744 857 2926 941 ᾤχεθ’
2974 882 3094 946 pro

709 961 932 1043 αὐτίχ’
983 965 1052 1026 in
1098 957 1192 1029 vs·
1249 962 1443 1028 1020.
2028 957 2054 979 ’

798 1181 1136 1246 Eumenid.
1181 1181 1242 1246 8.
1295 1179 1426 1247 Gur
1464 1181 1589 1245 ἀπὸ
1633 1181 1860 1258 Φοίβης
1910 1204 2024 1267 pro
2067 1183 2135 1246 τὸ
2181 1184 2406 1259 Φοίβης
2434 1185 2789 1267 requiram,
2825 1187 3097 1271 exposui

706 1286 782 1351 E.
810 1289 884 1350 A.
932 1310 996 1372 p.
1050 1286 1203 1353 152.-
1265 1285 1498 1353 Contra
1561 1309 1686 1352 non
1733 1288 1917 1353 video
1966 1310 2079 1352 cur
2125 1310 2283 1375 opus
2330 1292 2413 1353 sit
2459 1288 2680 1356 Weilii
2726 1293 3093 1356 coniectura

710 1391 912 1466 Τήθης
964 1415 1078 1478 pro
1126 1393 1349 1469 Φοίβης
1373 1441 1390 1469 ,
1441 1413 1634 1476 quam
1681 1396 1920 1478 recepit
1967 1393 2313 1460 Wecklein.

801 1625 1072 1690 Eumen.
1126 1626 1228 1690 10.
1279 1626 1476 1692 Valde
1513 1628 1679 1691 mihi
1716 1625 2121 1693 abblanditur
2161 1627 2489 1713 Blaydesii
2512 1633 2599 1714 (p.
2630 1628 2788 1710 341)
2812 1633 3092 1715 suspicio

713 1731 1052 1811 ναυλόχους
1098 1753 1214 1817 pro
1262 1733 1626 1810 ναυπόρους,
1670 1753 1865 1817 quam
1902 1735 2040 1818 ipse
2081 1733 2400 1818 quondam
2434 1737 2503 1798 in
2542 1734 2922 1820 exemplaris
2960 1737 3096 1800 mei

711 1839 1004 1923 margine
1049 1841 1383 1916 annotavi,
1432 1859 1559 1904 non
1607 1837 1912 1924 vulgavi,
1965 1838 2135 1924 quod
2178 1841 2397 1904 sciam.

800 2049 1071 2118 Eumen.
1121 2051 1207 2115 44
1257 2053 1538 2132 μεγίστῳ
1586 2052 1823 2116 frustra
1871 2057 2093 2117 tuetur
2137 2052 2487 2118 Wecklein.
2539 2051 2636 2119 Of.
2683 2052 2981 2140 Blaydes.

802 2264 1072 2329 Eumen.
1125 2264 1210 2328 68
1258 2261 1420 2344 ὕπνῳ
1471 2245 1876 2329 πεσοῦσαι
1926 2265 1997 2329 δ’.
2051 2263 2231 2344 Quod
2278 2271 2485 2331 tentat
2532 2266 2632 2331 Bl.
2683 2267 3087 2331 πεδῶνται

713 2372 850 2453 ipse
922 2373 1232 2454 occupavi
1297 2369 1372 2435 E.
1399 2372 1476 2435 A.
1549 2393 1612 2455 p.
1667 2368 1815 2435 153.
1901 2371 2033 2436 Nec
2102 2377 2317 2436 tamen
2387 2371 2557 2436 male
2641 2381 3089 2450 παρεῖνται

714 2474 1076 2553 Wecklein,
1126 2477 1296 2560 quod
1339 2475 1601 2541 fortasse
1649 2477 1730 2541 ob
1775 2477 2131 2562 perfectum
2176 2477 2663 2562 praeferendum
2711 2482 2827 2542 est.

802 2709 1072 2775 Eumen.
1117 2707 1222 2777 76.
1269 2710 1488 2775 Meam
1535 2711 1961 2796 suspicionem
2009 2711 2153 2791 (Ex.
2199 2709 2387 2793 Orit.)
2434 2711 2603 2777 hunc
2652 2719 2745 2778 vs.
2795 2716 3083 2799 spurium

711 2836 843 2880 esse
905 2836 1408 2880 commemorans
1470 2816 1568 2881 Bl.
1631 2838 1887 2882 monere
1949 2817 2240 2904 neglexit
2303 2839 2455 2882 eum
2516 2824 2736 2904 postea
2781 2819 3091 2885 delevisse

711 2920 1113 2985 Dindorfium
1149 2924 1218 2985 in
1266 2921 1362 2985 ed.
1411 2920 1467 2986 V
1511 2923 1695 2987 Poet.
1744 2922 1947 3000 Scen„
1996 2924 2472 2989 Weckleinium
2520 2931 2738 2989 autem
2785 2928 3091 3012 recepisse

710 3024 1069 3109 Ludwichii
1131 3029 1560 3091 coniecturam
1625 3028 1741 3092 κᾶν
1804 3033 1943 3112 (pro
1992 3029 2127 3107 καὶ)
2191 3066 2277 3077 -
2342 3030 2550 3107 βεβὼς
2613 3031 2886 3111 ἀμείψῃς
2950 3036 3088 3116 (pro

709 3132 947 3209 βεβῶτ’
1013 3131 1089 3195 ἂν
1152 3131 1288 3209 oze),
1356 3155 1476 3219 ego
1541 3134 1781 3211 βεβῶτ·
1844 3132 2091 3215 ἄλαισι)
2140 3136 2250 3208 τὴν
2298 3136 2822 3212 πλανοστιβῆ
2870 3136 3084 3215 χθόνα.

710 3236 836 3301 Sed
880 3237 1166 3301 nondum
1210 3238 1525 3325 intellego
1570 3260 1695 3324 quo
1742 3260 1930 3305 sensu
1968 3242 2394 3317 πλανοστιβής
2437 3240 2563 3305 dici
2601 3244 2883 3326 potuerit
2920 3248 3087 3307 terra

711 3346 1056 3407 continens.
1105 3343 1557 3428 Expectaveris
1607 3343 2067 3424 πεζοστιβῆ
2117 3346 2224 3412 vel
2271 3346 2745 3422 ποδοστιβῆ.

803 3575 1075 3642 Eumen.
1130 3578 1258 3643 112
1321 3581 1566 3655 ταῦτα,
1617 3556 1785 3662 quod
1828 3578 1945 3643 Ex.
1998 3575 2155 3643 Grit.
2202 3600 2265 3662 p.
2320 3577 2447 3642 105
2495 3583 2753 3665 propter
2794 3579 3083 3644 intolera—

709 3680 907 3745 bilem
947 3686 1335 3748 structuram
1373 3685 1441 3745 in
1483 3686 1684 3760 κάρτα
1723 3685 2089 3761 mutabam,
2130 3686 2224 3747 ita
2263 3682 2525 3748 fortasse
2558 3688 2797 3750 servari
2818 3688 3082 3770 poterit,

711 3789 766 3852 si
813 3808 1068 3852 mecum
1123 3787 1385 3853 Ill—3
1436 3792 1524 3853 sic
1572 3791 2009 3854 constitueris:

1184 3891 1212 3957 ὃ
1259 3893 1312 3956 δ’
1361 3892 1672 3970 ἐξαλύξας
1728 3893 1969 3974 οἴχεται
2022 3894 2233 3972 νεβροῦ
2284 3894 2471 3972 δίκην,

1183 3997 1287 4062 καὶ
1338 4002 1549 4061 ταῦτα
1598 3999 1865 4080 (κούφως
1914 4000 2067 4078 (δ’)
2118 4001 2184 4062 ἐκ
2232 3999 2431 4074 μέσων
2479 4000 2878 4079 ἀρκυστάτων

1183 4102 1453 4185 ὤρουσεν)
1503 4103 1649 4178 ὑμῖν
1698 4102 2197 4181 ἐγκατιλλώψας
2245 4105 2417 4182 μέγα

707 4214 783 4274 ut
843 4212 1053 4294 posita
1111 4211 1180 4272 in
1227 4211 1590 4294 parenthesi
1635 4213 1919 4275 maxime
1966 4214 2278 4275 rationem
2325 4212 2591 4277 reddant
2637 4216 2744 4275 τοῦ
2794 4212 3083 4288 ἐγκατιλ-

710 4320 938 4391 asom.
989 4314 1166 4380 Alibi
1212 4319 1470 4393 monui,
1519 4319 1587 4380 ni
1632 4316 1839 4393 fallor,
1892 4315 2000 4381 sed
2047 4318 2160 4380 ubi
2206 4319 2336 4381 iam
2384 4320 2611 4383 nescio.
