3351 5463
594 350 721 418 184
1360 372 1841 425 msomrmrorms
1887 376 2187 425 anunm.

586 537 907 624 neglexit,
979 559 1130 602 cum
1188 560 1314 603 non
1373 538 1443 603 id
1504 545 1752 625 ageret,
1815 544 1893 603 ut
1939 561 2156 605 omnes
2203 539 2386 605 tituli
2427 542 2684 626 imperii
2731 540 2976 605 Rhodii

584 644 829 729 publici
886 646 1047 709 iuris
1105 643 1328 710 fierent
1348 693 1362 720 ‚
1428 645 1537 710 sed
1599 651 1673 710 ut
1722 643 2016 731 Corporis
2064 645 2430 712 Insularum
2476 647 2679 712 Maris
2728 646 2977 732 Aegaei

586 749 777 815 Parte
838 750 1057 816 Prima
1116 751 1563 837 gauderemus.
1639 751 1781 837 Ego
1845 758 2062 817 tamen
2079 800 2095 829 ‚
2164 750 2409 838 Corpus
2469 755 2973 839 inscriptionum

587 856 875 920 editurus
922 859 1125 921 totius
1169 860 1427 942 imperii
1471 856 1744 934 Rhodii,
1793 858 1914 922 hoc
1961 858 2125 922 mihi
2173 880 2626 944 proposueram
2645 907 2662 937 ,
2720 864 2796 923 ut
2841 880 2980 923 non

586 960 798 1027 solum
861 962 1038 1029 tituli
1099 963 1368 1041 Rhodii,
1435 961 1811 1030 Chalcenses
1832 1010 1847 1041 ‚
1913 962 2279 1049 Carpathii,
2345 965 2544 1043 Sarii‚
2596 963 2804 1042 Casii,
2855 964 2977 1028 sed

585 1073 661 1132 ut
748 1066 1021 1154 Corpore
1106 1069 1329 1134 eodem
1396 1068 1691 1156 Symaei,
1763 1068 1962 1147 Telii,
2034 1070 2286 1157 Nisyrii
2309 1120 2325 1148 ‚
2399 1071 2924 1157 Astypalaeenses
2949 1118 2972 1148 ,

586 1173 1011 1260 Megistenses
1059 1176 1413 1253 ederentur,
1462 1196 1575 1239 nec
1622 1174 1911 1239 deessent
1957 1178 2400 1261 inscriptiones
2455 1198 2534 1241 ex
2579 1174 2977 1243 Chersoneso

585 1280 832 1345 Rhodia
888 1302 967 1345 ex
1026 1282 1263 1347 Peraea
1322 1281 1723 1346 Rhodiorum
1785 1283 2041 1365 petitae.
2101 1281 2270 1360 Quas
2319 1304 2536 1348 omnes
2582 1283 2977 1368 iampridem
3064 1316 3074 1322 ·

586 1385 788 1450 editas
846 1386 965 1451 hoc
1026 1385 1164 1451 loco
1210 1393 1493 1471 repetere
1536 1387 1803 1451 fortasse
1851 1389 2134 1472 cuipiam
2179 1408 2216 1453 a
2262 1392 2585 1473 proposito
2631 1410 2776 1453 meo
2823 1386 2978 1451 alie-

584 1514 745 1556 num
791 1513 924 1557 esse
967 1492 1291 1557 videbitur
1306 1512 1323 1569 ;
1387 1499 1670 1558 attamen
1715 1493 1847 1557 fere
1895 1513 2116 1558 omnes
2164 1494 2634 1578 quodammodo
2681 1495 2974 1559 fructum

587 1603 1003 1682 perceperunt
1054 1619 1131 1662 ex
1181 1595 1456 1683 Corpore
1501 1600 1994 1683 inscriptionum
2038 1619 2243 1684 nuper
2288 1599 2366 1664 ab
2411 1598 2664 1664 Hillero
2712 1602 2976 1665 emisso·

585 1702 895 1767 Plurimis
939 1702 1097 1768 locis
1140 1703 1454 1769 illustrari
1488 1704 1635 1769 inde
1671 1710 1943 1789 possunt
1959 1753 1975 1782 ‚
2016 1704 2344 1769 interdum
2385 1708 2584 1770 etiam
2624 1704 2974 1770 emendari.

589 1805 827 1872 Verum
892 1812 967 1872 ut
1031 1809 1153 1873 hoc
1222 1809 1409 1873 rebus
1478 1812 1636 1894 ipsis
1706 1810 2029 1894 probetur,
2102 1808 2231 1874 late
2303 1810 2617 1894 dispersas
2677 1812 2976 1894 primum

588 1916 971 1999 comportari
988 1962 1003 1991 ,
1070 1914 1295 1979 deinde
1354 1916 1457 1979 edi
1502 1934 1753 1979 necesse
1798 1919 1914 1979 est.
1963 1915 2256 1997 Accedit,
2308 1915 2477 2000 quod
2520 1914 2764 2000 publici
2806 1916 2978 1979 iuris

589 2018 849 2102 quidem
918 2019 1120 2084 factae
1190 2025 1341 2084 sunt
1409 2022 1852 2104 inscriptiones
1919 2018 2070 2083 iHae
2139 2021 2415 2085 Peraeae
2477 2026 2544 2084 et
2603 2020 2978 2085 insularum

587 2123 989 2190 Rhodiorum
1008 2174 1024 2203 ‚
1095 2125 1268 2189 haud
1335 2125 1535 2190 semel
1601 2130 1822 2189 tamen
1889 2146 2015 2191 non
2074 2125 2142 2190 id
2200 2128 2475 2191 assecuti
2534 2132 2684 2191 sunt
2744 2128 2796 2189 ii
2855 2126 2980 2209 qui

588 2229 920 2295 ediderunt
965 2232 1136 2315 quod
1183 2230 1650 2316 assequendum
1698 2231 1843 2296 fuit.
1917 2231 2236 2297 Adiiciam
2284 2230 2811 2317 Astypalaeenses
2829 2277 2846 2307 ,
2891 2214 3018 2293 de·

590 2341 715 2420 qu'a
779 2335 992 2401 insula
1062 2356 1288 2422 anceps
1347 2336 1574 2401 haereo
1594 2384 1609 2413 ,
1670 2357 1833 2400 num
1894 2335 2294 2401 Rhodiorum
2354 2336 2551 2401 fuerit
2610 2354 2837 2412 necne3
2902 2339 2981 2399 at

586 2446 838 2525 praeter
906 2448 1181 2506 caeteros
1250 2439 1431 2505 tituli
1495 2440 1643 2505 inde
1714 2444 1902 2527 petiti
1967 2441 2279 2506 illustrari
2342 2440 2450 2507 vel
2513 2441 2667 2506 adeo
2733 2442 2979 2525 corrigi

586 2552 873 2629 possunt.
923 2547 1021 2611 Ab
1068 2548 1416 2611 continenti
1460 2548 1646 2611 initio
1697 2546 1862 2611 facto
1910 2546 2134 2611 deinde
2181 2546 2260 2611 ad
2301 2545 2544 2612 insulas
2589 2546 2891 2611 transibo.

587 2789 1034 2874 Inscriptiones
1075 2811 1153 2854 ex
1191 2790 1465 2892 singulis
1502 2792 1792 2876 partibus
1829 2794 2089 2876 imperii
2129 2791 2528 2857 Rhodiorum
2553 2790 2668 2872 (N0
2697 2789 2978 2871 1—54).

1743 3010 1807 3052 oe.

812 3154 1261 3242 Inscriptiones
1306 3176 1383 3220 ex
1430 3133 1802 3220 Continenti
1846 3153 2248 3220 Rhodiorum
2296 3155 2409 3234 (N0
2463 3152 2731 3236 1-27).

1757 3336 1816 3401 1.

678 3507 1043 3583 Phenikeh‚
1078 3507 1435 3590 antiquitus
1470 3504 1761 3569 Phoenix
1789 3506 1860 3568 in
1894 3501 2282 3570 Chersoneso
2309 3503 2578 3570 Rhodia.
2621 3503 2978 3591 Catalogus

517 3664 523 3672 .
588 3632 812 3678 eorum
830 3659 847 3689 ,
913 3613 1025 3696 qui
1069 3613 1303 3694 stipem
1350 3609 1757 3674 contulerunt
1775 3657 1791 3686 ‚
1839 3615 1916 3672 ut
1960 3610 2142 3674 aedes
2188 3609 2504 3695 quaedam
2554 3611 2788 3676 Bacchi
2834 3610 2979 3675 refi—

590 3723 858 3783 ceretur.
1982 3724 1989 3730 ’

681 3819 1239 3887 Durrbaoh-Radet
1284 3818 1454 3884 Bun.
1502 3819 1679 3886 Heu.
1726 3820 1791 3884 x
1843 3818 2039 3897 1886,
2090 3818 2222 3883 252
2249 3841 2407 3904 sqq„
2450 3821 2516 3887 2.

684 4004 865 4068 Τοίδε
904 4009 1007 4068 τοῦ
1051 4002 1249 4080 δάμου
1280 4000 1730 4082 ψαφισοιμένου
1771 4002 2135 4084 [ἐπιδώσειν]
2165 4002 2311 4079 ὑπὲρ
2337 4003 2439 4068 τὸν
2464 4001 2604 4093 ηαὸν
2630 4007 2734 4067 τοῦ
2764 4000 2978 4067 Διονύ-

684 4113 848 4193 [σου]
912 4157 1200 4176 .......
1266 4108 1834 4190 ἔπαγγειλ[αὶμενοι
1883 4105 2154 4190 &Deo-[ow
2200 4107 2314 4191 τὰ]
2365 4108 2675 4188 χρήματα
2725 4111 2975 4192 [τ]οῖ[ς]

2319 4211 2680 4298 ἄ[ρχουσιῖ]
2729 4259 2980 4280 ......
