3351 5463
1049 372 1442 427 aucunsmmi
1487 370 1916 427 memmenni.
2536 354 2670 425 421

1727 484 1763 513 Ο

280 564 476 631 opera
559 544 1028 611 absurdissima
1114 546 1378 628 quaevis
1460 549 1834 619 narrarunt3
1928 545 2020 615 sic
2102 563 2270 606 unus
2343 563 2422 607 ex
2488 544 2683 608 inter-

281 652 580 735 pretibus
656 651 956 737 Dionysii
1035 632 1298 715 Thracis
1366 650 1662 734 perhibet
1727 647 2000 713 Homeri
2070 650 2280 733 poesis
2358 669 2510 712 cum
2588 651 2682 713 in-

281 760 513 822 teriret
556 756 624 838 ¹),
695 762 774 821 ut
843 777 1006 840 quae
1077 755 1363 823 nondum
1433 757 1668 839 scripta
1733 758 1983 819 extaret
2044 752 2152 819 sed
2213 755 2364 820 viva
2422 758 2677 818 tantum

281 883 442 928 voce
503 862 880 938 traderetur,
950 862 1367 926 Pisistratum
1430 881 1572 925 eam
1629 862 1866 944 scripto
1923 865 1999 924 ut
2045 862 2445 925 conservaret
2488 864 2684 923 certa-

282 988 436 1033 men
505 968 844 1052 publicum
912 968 1270 1031 instituisse
1340 949 1681 1031 securitate
1750 966 2076 1049 proposita
2159 962 2371 1044 (δόντα
2442 961 2683 1044 ἄδειαν)

282 1092 398 1157 per
461 1093 804 1158 praecones
822 1119 840 1150 ,
904 1075 960 1136 si
1021 1074 1164 1157 quis
1216 1091 1440 1137 versus
1501 1070 1886 1136 Homericos
1948 1073 2137 1135 sciret
2198 1074 2263 1135 et
2304 1069 2503 1136 vellet
2547 1092 2687 1156 pro-

286 1178 446 1244 ferre
465 1227 483 1257 ‚
547 1176 838 1243 mercede
895 1179 1247 1242 constituta
1285 1178 1480 1241 unius
1528 1176 1703 1242 oboli
1748 1197 1861 1260 pro
1910 1174 2187 1261 singulis
2233 1176 2521 1241 versibus
2539 1222 2555 1252 ‚
2608 1194 2681 1240 ea

283 1289 508 1349 autem
585 1304 747 1369 quae
825 1285 917 1347 ita
987 1281 1350 1369 collegisset
1419 1284 1642 1367 peritis
1713 1282 2085 1346 hominibus
2156 1280 2500 1347 ordinanda
2560 1286 2683 1347 trae·

285 1386 543 1453 didisse.
609 1386 864 1455 Similia
926 1386 1234 1473 leguntur
1294 1389 1362 1450 in
1429 1385 1631 1451 lexico
1693 1385 2164 1451 Vindobonensi
2234 1386 2402 1471 quod
2482 1384 2683 1451 edidit

283 1492 517 1559 Nauck
578 1515 644 1558 v.
685 1493 744 1557 d.
811 1491 964 1571 279,
1029 1492 1140 1558 sed
1196 1492 1590 1576 lepidissime
1651 1493 1747 1557 ibi
1802 1492 2057 1556 additur
2102 1490 2388 1558 mercede
2435 1490 2679 1573 multos

281 1598 586 1663 inductos
654 1618 964 1684 pauperes
984 1645 1002 1675 ‚
1064 1599 1176 1683 qui
1239 1595 1635 1662 abundarent
1698 1599 1955 1681 ingenio
1975 1645 1991 1676 ,
2057 1595 2375 1682 plurimos
2421 1596 2683 1661 finxisse

284 1724 516 1768 versus
531 1752 546 1780 ,
609 1702 726 1768 hos
788 1702 1013 1769 deinde
1072 1699 1523 1768 Aristarchum
1585 1702 1746 1765 obelo
1793 1708 2028 1767 notasse
2044 1750 2062 1780 ‚
2113 1706 2336 1786 utpote
2384 1702 2679 1765 obolorum

285 1828 504 1874 amore
573 1811 888 1873 inventos.
975 1806 1122 1872 Non
1187 1826 1365 1873 secus
1432 1811 1650 1870 autem
1731 1808 1951 1870 insana
2037 1814 2188 1871 sunt
2271 1824 2432 1890 quae
2517 1805 2681 1871 alius

286 1913 633 1979 scholiasta
709 1912 1006 1999 Dionysii
1064 1911 1325 1976 Thracis
1394 1911 1668 1996 profert,
1752 1913 1887 1976 sive
1947 1910 2053 1975 hic
2119 1911 2246 1974 fuit
2312 1909 2680 1996 Melampus

285 2020 426 2083 sive
491 2018 830 2085 Diomedes
851 2066 867 2095 ‚
929 2020 1041 2102 qui
1105 2020 1195 2082 sic
1257 2019 1486 2101 incipit
1503 2064 1519 2093 ‚
1584 2014 1925 2101 aliquando
1983 2016 2324 2101 absumpta
2370 2036 2504 2081 esse
2548 2015 2683 2080 Ho-

285 2126 456 2188 meri
515 2144 706 2208 opera
767 2126 1087 2188 incertum
1147 2124 1298 2208 igne
1359 2143 1441 2187 an
1496 2126 1681 2187 motu
1727 2126 1931 2188 terrae
1977 2142 2058 2185 an
2105 2124 2287 2205 aquis
2306 2168 2322 2199 ,
2372 2126 2517 2186 tum
2562 2120 2679 2185 illa

290 2228 488 2293 habet
548 2227 624 2293 de
675 2230 1022 2293 certamine
1075 2234 1265 2313 atque
1319 2225 1395 2291 de
1450 2225 1761 2292 obelismo
1781 2274 1797 2302 ,
1868 2230 2189 2311 postremo
2243 2230 2459 2291 narrat
2519 2225 2680 2289 Pisi-

289 2338 566 2398 stratum
623 2332 870 2397 LXXII
930 2335 1104 2399 viros
1158 2331 1521 2418 designasse
1577 2332 1684 2410 (ad
1746 2330 2119 2416 exemplum
2181 2329 2428 2394 LXXII
2491 2333 2683 2396 inter—

291 2444 554 2523 pretum
635 2437 886 2503 Veteris
968 2437 1390 2519 Testamenti)
1477 2439 1590 2523 qui
1673 2458 1895 2503 versus
1979 2435 2207 2501 allatos
2291 2438 2359 2499 in
2430 2438 2680 2500 iustum

291 2543 658 2629 redigerent
725 2542 1047 2620 ordinem,
1123 2545 1351 2607 inter
1429 2563 1632 2628 quos
1695 2544 2059 2627 primum
2124 2542 2509 2606 tenuisse
2576 2538 2679 2606 lo-

291 2668 478 2713 cum
549 2646 1059 2715 Zenodotum
1128 2655 1209 2714 et
1277 2644 1907 2713 Aristarchum!
1972 2646 2212 2712 Eadem
2278 2646 2354 2711 de
2423 2644 2671 2710 LXXII

289 2956 469 2990 nomen
501 2940 802 3005 Cordylionis
835 2940 887 2990 in
920 2939 1140 3004 margine
1173 2938 1464 3004 adscriptum
1500 2937 1643 2988 habet
1675 2938 1755 3000 (ct.
1790 2937 1902 2988 infr.
1933 2955 1980 3003 p.
2001 2939 2143 3004 422),
2169 2939 2250 2987 sed
2280 2937 2476 2989 minime
2494 2941 2682 2988 constat

290 3021 513 3070 'l‘zetzam
557 3023 713 3087 ipsum
748 3021 1052 3086 Cordylionis
1084 3019 1261 3070 librum
1295 3020 1577 3086 inspexisse,
1612 3020 1718 3069 fieri
1758 3023 1917 3070 autem
1950 3022 2108 3085 potest
2152 3023 2207 3069 ut
2244 3023 2412 3069 auctor
2452 3021 2497 3070 ei
2534 3020 2683 3071 fuerit

289 3103 502 3166 scriptor
547 3103 783 3152 recentior
825 3102 960 3152 nobis
1005 3101 1280 3168 deperditus
1317 3101 1401 3165 qui
1437 3117 1492 3150 ex
1525 3100 1613 3151 illo
1647 3100 1865 3150 hauserit
1884 3100 1947 3162 ¹⁸¹).
1981 3100 2051 3149 Ex
2085 3100 2188 3156 dius
2222 3103 2386 3150 autem
2421 3117 2563 3166 opere
2596 3101 2681 3150 ille

285 3183 372 3246 qui
423 3183 479 3230 in
523 3182 646 3234 libro
695 3182 808 3246 περὶ
856 3181 1116 3244 κωμῳδίας
1164 3182 1466 3246 Cordylionis
1516 3197 1691 3232 nomen
1740 3181 1989 3246 adscripsit
2035 3197 2315 3245 cognoscere
2359 3182 2450 3231 hoc
2498 3182 2677 3247 potuit.

290 3263 466 3328 Itaque
510 3279 605 3315 11011
649 3269 836 3316 constat
881 3265 962 3316 ubi
1006 3263 1308 3330 corruptelae
1351 3278 1497 3330 supra
1541 3266 1779 3312 tractatae
1822 3267 1965 3328 caput
2000 3263 2175 3322 lateat,
2213 3279 2364 3329 neque
2398 3263 2557 3328 ipsum
2590 3264 2680 3313 hoc

291 3344 612 3396 certissimum
659 3350 731 3396 est
777 3346 1114 3410 Cordylionem
1158 3346 1216 3394 de
1262 3345 1409 3410 Epicu
1452 3345 1600 3408 Cyclo
1644 3345 1809 3393 fecisse
1845 3342 2149 3394 mentionem.
2205 3345 2337 3392 Adeo
2372 3344 2681 3394 verisimilius

293 3443 392 3476 esse
439 3425 645 3476 arbitror
690 3427 833 3477 illum
875 3427 1068 3476 nonnisi
1112 3428 1169 3476 de
1217 3428 1433 3476 Homero
1466 3427 1696 3488 cogitasse
1732 3428 1781 3474 et
1816 3424 2100 3490 scriptorem
2135 3426 2327 3475 demum
2365 3426 2680 3476 recentiorem

297 3525 322 3558 e
356 3523 454 3572 quo
486 3507 644 3559 hausit
677 3511 868 3559 Tzetzes
901 3526 991 3576 pro
1024 3525 1079 3559 eo
1113 3508 1414 3558 substituisse
1441 3507 1638 3572 Cyclum
1671 3507 1890 3572 Epicum.
1939 3507 2068 3555 Nam
2109 3521 2279 3556 nomen
2316 3506 2405 3555 hoc
2438 3507 2685 3556 Pisistrati

293 3593 514 3654 tempore
555 3592 765 3642 nondum
811 3593 863 3641 in
907 3607 1006 3642 usu·
1030 3591 1124 3640 fuit
1157 3590 1301 3654 idque
1336 3589 1559 3653 ignorare
1593 3589 1672 3638 vix
1706 3588 1865 3653 potuit
1900 3587 2143 3651 Gordylio.
2197 3589 2307 3652 Quo
2342 3588 2520 3636 accedit
2557 3589 2682 3651 quod

297 3672 446 3721 etiam
481 3670 762 3730 Pausanias,
797 3673 882 3738 qui
916 3673 1046 3721 haud
1081 3670 1219 3721 dubie
1253 3671 1476 3720 notitiam
1511 3670 1568 3720 ab
1602 3671 1690 3719 illo
1722 3671 1952 3719 traditam
1988 3669 2166 3733 tetigit,
2199 3670 2255 3717 de
2286 3669 2503 3718 Homero
2531 3669 2683 3733 loqui-

295 3757 394 3802 tur.
431 3751 560 3799 Nam
586 3756 712 3817 quod
742 3753 916 3803 statuit
952 3752 1083 3801 Roth
1117 3752 1226 3804 v.d.
1259 3751 1336 3815 (in
1373 3753 1542 3801 Museo
1580 3752 1737 3801 Rhen.
1773 3752 1837 3800 N.
1874 3751 1921 3800 S.
1958 3749 2055 3800 VII
2090 3766 2134 3815 p.
2175 3750 2287 3807 185,
2324 3751 2451 3814 apud
2486 3749 2681 3800 Volkm.

297 3833 366 3884 1.l.
403 3847 450 3896 p.
484 3833 622 3897 886),
655 3835 706 3884 in
739 3835 872 3884 fonte
905 3850 930 3882 e
965 3849 1060 3897 quo
1094 3833 1309 3883 hauserit
1341 3832 1532 3880 Tzetzes
1565 3832 1711 3882 fuisse
1748 3832 1983 3881 „Homeri
2012 3831 2185 3896 Epicus
2214 3829 2435 3895 Cyclus”,
2456 3831 2506 3880 id
2524 3831 2684 3882 minus

298 3910 558 3964 verisimile
590 3915 796 3966 videtur.
834 3917 962 3964 Nam
994 3929 1090 3979 quo
1122 3917 1337 3978 tempore
1371 3927 1543 3962 nomen
1572 3913 1744 3976 chlus
1772 3913 1944 3978 Epicns
1970 3913 2024 3961 in
2054 3927 2192 3962 usum
2228 3912 2361 3961 venit
2393 3912 2518 3961 haud
2542 3911 2683 3961 dubie

289 3995 394 4045 iam
438 3997 652 4046 carmina
685 3998 770 4063 qni
805 4014 861 4048 eo
897 3996 1226 4047 referebantur
1257 3995 1496 4043 desierant
1532 3995 1751 4043 Homero
1786 3994 1989 4044 adscribi
2022 3995 2223 4044 auctori.
2259 3994 2389 4058 Quid
2423 4008 2565 4057 quom
2601 3995 2681 4042 ad-

293 4078 463 4125 ducere
495 4079 715 4136 potuerit
751 4082 804 4130 ut
839 4094 929 4143 pro
966 4078 1180 4128 Homero
1213 4075 1412 4144 Epicum
1449 4075 1647 4139 Cyclum
1680 4073 1989 4124 substitueret
2024 4075 2131 4124 vide
2165 4074 2292 4124 infra
2327 4092 2375 4140 p.
2409 4074 2527 4125 425.

363 4158 409 4216 l)
456 4150 520 4209 ἦν
566 4157 1022 4219 ἀπολλύμενα,
1069 4175 1164 4208 11011
1209 4154 1614 4218 ἀπολόμενα,
1661 4159 1716 4205 ut
1758 4157 1915 4206 minus
1959 4160 2177 4207 accurate
2214 4157 2363 4207 refert
2400 4155 2675 4207 Volkmann

291 4239 360 4289 Li.
395 4253 445 4301 p.
480 4235 605 4290 332.
641 4242 713 4292 Cf.
753 4241 942 4292 Villois.
977 4241 1046 4291 l.l.
1082 4257 1130 4305 p.
1165 4241 1263 4289 182
1297 4240 1348 4289 in
1384 4255 1493 4289 aun.

355 4385 394 4461 ’ᾗ
425 4408 575 4452 Fuisse
601 4413 719 4456 hunc
746 4414 1034 4466 Asclepiadem
1063 4413 1359 4465 Myrleensem,
1389 4425 1514 4466 quem
1543 4413 1594 4455 de
1618 4413 1763 4454 amicis
1793 4412 2007 4453 Pisistrati
2034 4411 2240 4453 litteratis
2266 4411 2482 4466 scripsisse
2509 4412 2679 4454 constat

305 4489 328 4518 ο
353 4475 480 4519 suida
507 4485 548 4516 v.
579 4465 810 4531 Ὀρφεύς,
839 4479 1019 4522 ooniooit
1046 4480 1187 4522 ruah.
1216 4478 1276 4520 11.
1303 4491 1345 4531 p.
1381 4479 1446 4521 11.
