3351 5463
720 395 857 478 300
1660 416 2163 469 Amsrornms.

722 577 909 664 Κᾷτα
963 587 1028 646 01
1075 581 1352 646 κᾶπειτα
1398 603 1513 668 pro
1565 579 1707 646 εἶτα
1755 589 1820 648 01
1869 581 2087 648 ἔπειτα
2135 591 2278 671 post
2321 589 2658 673 participia
2699 587 2892 652 illata
2927 583 3068 670 apud

719 692 1015 752 nostrum
1060 708 1187 752 non
1233 708 1376 753 rara
1421 693 1592 753 sunt.
1641 688 1768 754 Pro
1818 689 1970 753 αὐτὸ
2018 688 2121 754 καὶ
2173 690 2448 779 Blaydes
2494 692 2652 758 αὑτό
2691 718 2784 758 τε·
2811 695 3064 777 scripsit,

720 792 891 876 quod
932 814 1061 858 non
1109 792 1364 858 sufficit.

808 1005 917 1072 Vs.
970 1004 1121 1074 781.
1186 1007 1351 1071 οὐδὲν
1398 1007 1613 1084 λέγεις
1660 1009 1766 1074 1110
1814 1015 1880 1074 01
1926 1030 2076 1074 mox
2125 1008 2313 1092 (783)
2362 1012 2562 1082 ὑθλεῖς
2604 1011 2904 1078 Socrates
2941 1011 3074 1074 dicit

717 1111 796 1177 de
854 1111 1129 1177 absurdo
1191 1111 1577 1198 Strepsiadis
1636 1115 1902 1180 invento
1917 1162 1935 1192 ,
1985 1133 2110 1199 quo
2155 1113 2304 1180 lites
2351 1117 2474 1181 sibi
2519 1119 2804 1182 intentas
2855 1139 2892 1182 a
2931 1115 3074 1179 debi-

714 1217 962 1282 toribus
1032 1220 1399 1284 vitaturum
1468 1239 1535 1284 se
1602 1225 1796 1306 putat
1813 1265 1830 1296 ‚
1901 1241 2292 1307 quamquam
2353 1243 2479 1287 non
2548 1225 2766 1287 minus
2833 1220 3074 1288 absurda

716 1342 911 1408 supra
954 1327 1331 1410 proponenti
1374 1325 1549 1390 idem
1595 1327 1888 1411 primum
1936 1323 2004 1392 εὖ
2049 1350 2128 1404 γε
2175 1323 2360 1408 (757)
2402 1326 2624 1393 deinde
2663 1334 2878 1407 σοφῶς
2911 1351 2984 1403 γε
3011 1327 3072 1398 n'u

715 1429 836 1500 τὰς
896 1428 1171 1509 Χάριτας
1232 1426 1419 1511 (773)
1488 1431 1913 1516 responderat.
1984 1431 2166 1498 Unde
2228 1434 2382 1499 haec
2441 1435 2678 1499 ironice
2739 1434 2916 1500 dicta
2953 1453 3072 1498 esse

716 1541 1001 1621 apparet.

806 1748 915 1813 Vs.
965 1747 1116 1815 833.
1168 1749 1564 1836 Strepsiades
1611 1752 1692 1817 ad
1737 1751 1987 1817 filium:

2397 1856 2688 1936 εὐστόμει
2702 1907 2722 1936 ,

1169 1961 1271 2026 καὶ
1321 1961 1508 2038 μηδὲν
1559 1961 1731 2042 εἴπῃς
1781 1966 2062 2044 Φλαῦρον
2107 1961 2316 2043 ἄνδρας
2366 1961 2596 2039 δεξιοὺς

1170 2066 1276 2132 καὶ
1327 2072 1455 2130 νοῦν
1506 2063 1769 2146 ἔχονται,-
1791 2115 1809 2145 ,
1859 2063 1936 2132 ὧν
1986 2068 2101 2132 ὑπὸ
2150 2075 2258 2142 τῆς
2301 2069 2642 2146 ostentu

1167 2171 1530 2250 ὦπειιείρατ“
1578 2171 1765 2246 οὐδεὶς
1815 2174 2053 2237 πώποτ’
2104 2172 2224 2238 οὐδ’
2269 2175 2575 2250 ἠλείψατο

1166 2276 1289 2342 οὐδ’
1340 2277 1401 2348 ἐς
1447 2276 1787 2352 βαλανεῖον
1838 2271 1978 2349 ἦλθε
2028 2276 2429 2354 λουσόμενος·
2479 2279 2556 2343 σὺ
2601 2279 2666 2343 δὲ

840 2451 843 2456 ,
1164 2378 1363 2460 ὥσπερ
1411 2382 1729 2453 τεθνεῶτος
1779 2383 2186 2448 καταλόει
2232 2406 2380 2459 μου
2426 2382 2528 2448 τὸν
2572 2383 2728 2460 βίον.

712 2488 960 2574 Optimi
1016 2486 1167 2552 libri
1232 2487 1567 2552 καταλούει
1629 2511 1748 2563 μου
1766 2536 1784 2566 ,
1847 2488 2191 2554 deteriores
2248 2491 2570 2570 καταλούψ
2592 2495 2706 2570 (-n)
2749 2514 2866 2564 μου
2907 2490 3064 2555 exhi·

708 2595 897 2672 bent,
962 2613 1129 2659 unus
1190 2592 1420 2672 (Paris.
1483 2590 1690 2674 2827)
1753 2594 2124 2666 καταλούεις
2186 2617 2339 2671 μου,
2390 2615 2557 2659 unus
2604 2593 2796 2675 (Flor.
2843 2597 3053 2660 Abbat.

709 2696 917 2782 2779)
961 2721 1119 2777 μου
1182 2699 1722 2778 καταλούεις,
1773 2703 1886 2785 qui
1930 2699 2106 2766 solus
2153 2702 2446 2767 omnium
2488 2705 2770 2766 metrum
2814 2722 2938 2768 non
2973 2703 3060 2766 iu·

706 2805 913 2892 gulat.
977 2805 1161 2885 Quod
1218 2805 1533 2893 vulgatur
1590 2809 1842 2901 primus
1903 2807 2106 2873 edidit
2165 2807 2437 2885 Bekker‚
2485 2828 2679 2893 quem
2725 2829 2938 2873 omnes
2981 2828 3062 2872 se-

706 2916 958 2978 cuntur.
1008 2910 1240 2976 Forma
1283 2918 1502 2977 tamen
1546 2912 1664 2977 λόω
1711 2934 1826 2999 pro
1874 2914 2028 2979 λούω
2075 2915 2144 2976 111
2189 2913 2406 2978 Attica
2447 2934 2762 2998 nusquam
2796 2920 3058 2999 apparet,

706 3036 994 3101 quaeque
1070 3015 1309 3081 formae
1353 3015 1593 3101 ubique
1638 3022 1930 3102 prostant
1975 3022 2207 3095 λοῦμαι
2225 3066 2242 3096 ,
2293 3023 2547 3097 λοῦται,
2593 3019 2876 3095 λοῦσθαι,
2935 3016 3060 3080 λού-

705 3145 920 3200 μενος,
970 3121 1254 3199 ἐλούμην,
1305 3121 1550 3200 ἕλοῦτο,
1598 3122 1836 3188 ἀπέλου
1884 3128 2032 3188 0011.
2080 3144 2298 3188 omnes
2344 3125 2660 3209 originem
2705 3123 2940 3188 ducunt
2987 3123 3058 3187 ab

706 3230 1148 3313 antiquissimo
1186 3225 1381 3293 verbo
1420 3226 1679 3308 λο(ν)έω,
1730 3228 1901 3313 quod
1939 3250 2017 3293 ex
2057 3228 2338 3293 Homero
2377 3231 2696 3294 novimus.
2741 3229 3058 3293 Praeterea

704 3354 857 3400 vero
903 3337 1195 3419 suspecta
1242 3336 1338 3397 est
1383 3332 1589 3398 forma
1633 3333 1846 3398 media
1891 3354 2006 3418 pro
2052 3336 2261 3400 activa
2277 3380 2296 3411 ,
2342 3354 2539 3419 quam
2577 3332 2748 3398 solus
2787 3334 3059 3418 agnoscit

701 3439 1031 3503 Parisinus
1048 3484 1066 3515 ,
1131 3439 1315 3503 cuius
1359 3439 1567 3523 igitur
1611 3436 1805 3504 lectio
1821 3485 1839 3515 ,
1887 3440 2016 3502 nisi
2060 3437 2235 3502 aliud
2279 3438 2436 3522 quid
2480 3437 2641 3503 latet
2655 3487 2672 3515 ,
2719 3435 3058 3522 recipienda

702 3548 819 3607 est.
866 3541 1091 3607 Restat
1134 3562 1285 3607 vero
1333 3548 1583 3627 praeter
1630 3545 1935 3629 exiguam
1980 3542 2175 3607 huius
2219 3540 2372 3607 libri
2418 3546 2863 3608 auctoritatem
2906 3541 3058 3606 alius

702 3645 1043 3731 scrupulus
1059 3694 1077 3723 ,
1144 3646 1315 3731 quod
1376 3650 1762 3712 sententiam
1810 3668 2005 3733 quam
2049 3648 2306 3713 subesse
2350 3653 2582 3732 putant
2623 3645 2857 3712 eruditi
2905 3644 3062 3724 „bal-

700 3751 943 3817 neando
990 3754 1313 3816 consumis
1357 3752 1522 3817 bona
1565 3753 1750 3818 mea’'
1800 3752 2150 3818 admodum
2199 3752 2462 3847 dubiam
2501 3751 2708 3817 reddit
2743 3754 3055 3836 cogitatiO,

698 3856 1156 3942 Phidippidem
1193 3879 1321 3922 non
1358 3858 1718 3934 balsemade,
1763 3858 1872 3922 sed
1910 3858 2076 3941 equis
2115 3857 2352 3921 alendis
2384 3878 2525 3923 rem
2561 3862 2891 3942 paternam
2929 3878 3055 3922 con-

697 3982 971 4028 sumere.
1020 3961 1226 4041 Quare
1274 3964 1472 4026 etiam
1521 3965 1712 4045 atque
1759 3964 1954 4025 etiam
2001 3961 2352 4027 videndum
2400 3984 2479 4027 ne
2519 3960 2736 4047 paullo
2773 3963 3056 4045 graviore

697 4067 841 4133 labe
879 4067 986 4132 hic
1023 4088 1247 4132 versus
1285 4066 1545 4132 affectus
1584 4068 1690 4130 sit.
1730 4065 2031 4150 Suspicor
2065 4071 2286 4132 autem
2325 4072 2581 4152 poetam
2611 4087 2736 4129 non
2767 4066 2902 4130 sine
2929 4087 3055 4150 par-

698 4175 1027 4238 onomasia
1058 4171 1489 4257 metaphorice
1518 4192 1714 4236 usum
1743 4192 1880 4236 esse
1908 4172 2105 4237 verbo
2138 4195 2174 4235 ιι
2192 4195 2234 4233 α
2253 4196 2292 4235 τ
2311 4196 2353 4235 α
2369 4186 2410 4236 λ
2427 4196 2456 4235 ο
2472 4175 2516 4237 οἳ
2533 4197 2593 4248 ν,
2627 4167 2793 4255 quod
2815 4172 3052 4255 proprie

698 4280 1047 4342 contendere
1062 4325 1080 4354 ,
1127 4277 1511 4361 confrinqere
1556 4275 1920 4361 significans
1967 4276 2044 4341 de
2084 4276 2512 4341 consumenda
2558 4284 2622 4341 et
2666 4271 3047 4359 dilapidanda

696 4404 764 4447 re
804 4380 1109 4446 familiari
1155 4381 1443 4445 adhiberi
1488 4383 1775 4466 potuisse
1823 4401 2012 4445 nemo
2058 4381 2420 4446 mirabitur.
2469 4381 2524 4445 E
2567 4380 2823 4445 comicis
2864 4381 3044 4446 verbo

696 4507 854 4551 usus
896 4491 995 4553 est
1038 4484 1335 4551 Eubulus
1383 4486 1551 4570 apud
1597 4486 2005 4551 Athenaeum
2052 4484 2204 4550 XIV
2249 4507 2312 4570 p.
2361 4484 2494 4551 463
2519 4486 2580 4551 b.

3280 670 3285 695 ⁴

3280 706 3289 777 1
