3351 5463
1124 381 1519 441 nncnusxonn
1563 384 1994 441 fleternam.
2029 397 2036 404 ·
2615 377 2748 444 40¹7

377 577 529 624 cum
596 557 661 622 et
729 571 1107 642 persuasum
1148 553 1405 620 ‘habeat
1422 601 1444 631 ,
1512 554 1650 622 fieri
1719 577 1846 622 non
1916 559 2200 642 potuisse
2269 563 2344 622 ut
2409 562 2476 623 in
2541 563 2758 626 omnia

355 659 769 749 ,exemplaria
845 659 1067 727 Iliadis
1148 666 1214 726 et
1294 659 1617 745 Odysseae
1685 664 2136 746 reciperentur,
2211 665 2338 728 nisi
2404 666 2473 728 in
2541 665 2758 730 Attica

378 786 597 832 omnes
655 766 895 830 horum
952 767 1315 840 carminum
1375 769 1613 850 partes.
1654 765 1958 835 collectae
1997 772 2230 834 'essent
2257 767 2330 848 ¹),
2393 775 2460 834 et
2521 791 2556 834 e
2614 770 2756 836 loco

378 873 655 959 catalogi
716 883 759 938 B
810 869 963 948 557,
1012 870 1147 936 558
1206 871 1436 938 efficiat
1492 870 1580 938 VI
1606 871 1896 940 demum
1942 894 1996 939 a.
2048 871 2312 940 olm-11.
2372 875 2628 941 saeculo
2690 876 2768 941 id·

374 1001 499 1048 usu
564 980 817 1044 venisse
841 978 918 1057 ²).
990 976 1185 1056 Quasi
1244 997 1370 1043 non
1430 981 1713 1062 potuerit
1774 979 1880 1044 hic
1939 979 2117 1045 locus
2179 981 2550 1066 interpolari
2593 987 2762 1067 post-

376 1105 571 1171 quam
618 1088 826 1156 cetera
868 1082 1020 1150 Ilias
1066 1086 1303 1168 scripta
1348 1085 1586 1148 extitit.
1636 1083 1822 1164 Quod
1867 1089 2085 1150 autem
2129 1085 2285 1162 dicit
2343 1085 2419 1151 de
2481 1107 2763 1155 commu-

374 1192 563 1259 nione
597 1191 843 1275 ingenii
882 1189 1125 1265 Attici,
1170 1189 1239 1252 id
1279 1209 1531 1273 quoque
1576 1210 1747 1254 nunc
1775 1193 2121 1260 mittimus
2135 1237 2156 1268 ,
2207 1193 2516 1276 quoniam
2561 1195 2757 1258 etiam

378 1294 586 1366 Cauer
630 1295 707 1361 de
754 1316 825 1362 ea
869 1307 938 1364 re
985 1297 1156 1380 agit,
1205 1295 1325 1359 hoc
1370 1315 1577 1360 unum
1622 1293 2090 1373 observantes,=
2113 1299 2178 1361 si
2205 1296 2424 1364 Iliadis
2467 1301 2758 1376 materia,

375 1408 451 1468 ut
510 1401 790 1470 Ethai-dt
849 1398 1029 1476 vult,
1091 1420 1292 1484 usque
1336 1399 1419 1466 ad
1461 1399 1551 1464 VI
1594 1421 1649 1464 a.
1699 1399 1851 1466 Chr.
1899 1424 1961 1465 ιι.
2009 1400 2337 1466 saeculum
2381 1403 2762 1488 perrexisset

374 1509 647 1584 mutari,
698 1505 833 1572 fieri
871 1507 985 1572 vix
1022 1505 1307 1589 potuisse
1348 1507 1504 1589 quin
1551 1525 1771 1570 rerum
1819 1505 2328 1593 permutatum,
2377 1529 2536 1594 quae
2584 1507 2761 1586 VIII,

376 1611 525 1689 VII,
564 1611 653 1680 VI
708 1609 976 1679 saeculis
1024 1623 1096 1677 ’.ε
1158 1607 1315 1677 Chr:
1380 1585 1641 1678 Graecis
1703 1617 1923 1690 notae,
1987 1619 2174 1680 antea
2231 1597 2490 1728 ignotae
2549 1620 2762 1692 erant,

376 1718 621 1784 mentio
664 1717 1002 1800 irreperet;
1052 1735 1328 1801 quarum
1370 1715 1553 1782 nulla
1596 1723 1944 1784 cernuntur
1986 1721 2282 1804 vestigia
2283 1718 2402 1798 ³).
2413 1719 2765 1785 Postremo

374 1821 655 1892 Ethardt
721 1820 1045 1890 contendit
1106 1819 1567 1890 Alexandrinos
1629 1825 1698 1886 in
1744 1827 2219 1892 commentariis
2261 1826 2396 1888 suis
2441 1823 2767 1890 Pisistrati
2803 1828 2808 1830 ’

378 1947 615 1996 nomen
681 1931 1015 2012 propterea
1084 1932 1341 1994 tantum
1408 1929 1683 1994 tacuisse
1699 1975 1716 2005 ‚
1790 1929 1960 2012 quod
1997 1931 2195 1994 -inter
2259 1949 2479 1994 omnes
2533 1915 2766 1994 notum

376 2037 545 2104 esset
582 2036 855 2098 textum·
878 2033 983 2098 cui
1018 2051 1278 2116 operam
1316 2031 1540 2098 darent
1574 2033 1655 2098 ah
1702 2032 1817 2098 illo
1863 2053 2016 2099 esse.
2044 2035 2508 2112 constitutum3
2557 2053 2764 2118 neque

380 2136 644 2210 dubitat,
692 2138 847 2220 quin
865 2183 882 2213 ‚
955 2137 1317 2220 ubieunque
1381 2139 1449 2200 in
1514 2136 1774 2227 scholiis
1837 2143 1934 2203 est
1992 2134 2245 2216 ἐζήτησέ
2301 2161 2428 2208 τις·
2465 2143 2538 2218 (Β
2581 2135 2762 2217 668),

380 2243 407 2307 ὃ
468 2241 892 2312 διασκευάσας
946 2247 1017 2322 (Β
1059 2238 1240 2321 807),
1296 2241 1746 2322 ἐνδιασκευιέζει
1791 2257 1887 2314 τις
1934 2249 2008 2323 (Γ
2027 2241 2196 2323 395)
2241 2241 2348 2308 vel
2393 2239 2528 2308 tale
2568 2243 2762 2328 quid,

370 2347 761 2419 Pisistratus
820 2352 1165 2432 spectetur,
1226 2362 1431 2432 neque
1472 2353 1629 2420 tam
1672 2347 1872 2414 libere
1919 2367 2115 2433 quam
2162 2355 2434 2434 egerunt
2489 2349 2768 2415 Alexan-

383 2455 599 2520 drinos
640 2455 710 2518 ιιι
755 2452 1123 2539 castiganda
1168 2451 1445 2521 lectione
1488 2459 1745 2518 acturos
1787 2454 1988 2520 fuisse
2029 2459 2220 2540 putat
2263 2457 2387 2519 nisi
2433 2457 2767 2520 scivissent

362 2561 665 2628 carmina
724 2563 871 2626 ante
932 2559 1349 2624 Pisistratum
1408 2561 1645 2645 scripto
1691 2558 1928 2638 tradita
1972 2579 2097 2625 non
2141 2560 2360 2625 fuisse.
2415 2559 2540 2625 Sed
2583 2559 2765 2626 nulla

448 2770 503 2835 1)
553 2772 705 2821 ‚Desa
736 2770 843 2821 eine
881 2769 1231 2823 vollkommene
1266 2768 1547 2835 Sammlung
1580 2770 1667 2821 der
1702 2770 1934 2823 Gedicbte
1968 2783 2060 2823 nur
2096 2770 2298 2832 cimel,
2334 2771 2386 2823 in
2421 2773 2608 2832 Athen,
2644 2768 2765 2825 nteit

380 2853 619 2919 gesunden
652 2850 767 2901 hat”
802 2853 875 2902 1.1.
910 2838 957 2918 p.
993 2867 1092 2903 cix.

447 2932 505 3000 2)
542 2933 614 2982 Ab
648 2933 995 2998 interpolatore
1029 2935 1258 2984 nonnulla
1292 2933 1553 2999 exstirpata
1588 2950 1688 2984 esse
1721 2937 1878 2988 censet,
1914 2930 2124 2989 Ethardt
2159 2930 2330 3000 quibus
2363 2934 2412 2985 et
2446 2933 2503 2985 de
2539 2936 2682 2985 Aiace
2718 2929 2768 2991 et

362 3015 437 3063 »de
470 3015 574 3064 eius
602 3014 754 3063 fratre
788 3015 971 3065 Teucro
1002 3014 1239 3081 copiosius
1272 3022 1511 3080 ageretur,
1547 3020 1653 3068 tum
1689 3018 2013 3081 Megerorum·
2035 3018 2346 3067 mentionem.
2379 3018 2470 3066 Sed
2487 3016 2766 3067 brevissima

380 3098 563 3154 mentio
592 3097 754 3147 herois
782 3094 1059 3160 ἀπάτριδος
1096 3123 1162 3137 --
1196 3098 1309 3149 nam
1352 3099 1557 3149 Salamis
1592 3115 1686 3152 uno
1721 3100 1861 3149 modo
1895 3103 2088 3164 praeter
2125 3103 2346 3151 nostrum
2365 3102 2768 3151 commemoratur

382 3179 515 3238 loco,
560 3195 709 3245 eoque
756 3180 1108 3239 recentissimo,
1156 3186 1201 3229 H
1231 3180 1295 3245 19
1330 3206 1399 3246 ··.·
1430 3179 1587 3231 nescio
1624 3196 1686 3233 an
1719 3180 1863 3231 aliter
1893 3181 2186 3248 explicanda
2228 3181 2320 3240 sit',
2365 3182 2423 3231 de
2453 3196 2548 3245 qua
2585 3197 2638 3231 re
2671 3193 2767 3231 uon

382 3260 560 3311 attinet
596 3260 675 3311 hic
706 3261 960 3321 disserere;
997 3260 1355 3325 Megarensium
1388 3266 1549 3312 autem
1582 3262 1752 3311 civitas
1779 3261 1925 3311 etiam
1952 3266 2207 3329 propterea
2242 3262 2403 3311 omitti
2433 3262 2618 3326 potuit,
2639 3259 2766 3326 quod

384 3342 512 3393 nulli
545 3342 657 3392 inde
692 3342 831 3394 duces
865 3358 1016 3409 neque
1050 3343 1230 3392 milites
1260 3343 1315 3392 in
1342 3344 1514 3407 pugnis
1544 3357 1653 3392 cum
1680 3342 1899 3392 Troianis
1925 3343 2223 3407 prodierunt.
2259 3340 2622 3413 VWilsmovritz
2659 3358 2768 3413 cum

389 3426 527 3490 'prius
572 3418 807 3491 (Hermes
838 3426 912 3476 IX
946 3427 1085 3491 320),
1136 3430 1191 3476 ut
1233 3426 1822 3489 Erherdt,Megar01-um
1855 3424 2147 3474 mentionem
2175 3423 2380 3474 deletam
2413 3439 2514 3473 esse
2547 3425 2770 3489 opinatus

368 3506 585 3567 .fuisset,
627 3508 797 3559 deinde
845 3509 990 3559 Hom.
1040 3506 1233 3559 Unters.
1268 3524 1316 3573 p.
1352 3508 1453 3559 852
1485 3522 1653 3572 parum
1692 3504 2006 3572 probabiliter
2037 3506 2214 3573 oppida
2247 3505 2514 3571 Megaridis
2547 3506 2598 3555 in
2643 3508 2772 3557 cata·

391 3588 501 3657 logo
546 3589 673 3638 inter
712 3590 913 3639 Boeotia
945 3590 1178 3639 recenseri
1221 3588 1450 3647 coniecit,
1498 3588 1605 3638 vide
1647 3593 1817 3638 contra
1861 3588 1948 3651 Ed.
1999 3590 2169 3653 Meyer
2212 3588 2381 3656 Gescb.
2430 3589 2512 3640 des
2559 3588 2772 3637 Alterth.

392 3670 450 3719 11
484 3686 530 3735 p.
568 3670 682 3721 269.
718 3668 840 3721 Vide
872 3670 1013 3736 plura
1048 3671 1105 3719 de
1138 3668 1242 3719 loco
1278 3676 1310 3719 B
1332 3670 1445 3729 557,
1482 3670 1576 3720 558
1612 3670 1740 3735 infra
1773 3688 1821 3736 p.
1855 3670 1954 3719 414
1971 3686 2072 3734 sqq.

464 3752 519 3817 8)
568 3752 681 3801 Huc
725 3736 967 3818 pertinent
1000 3768 1077 3810 ee,
1114 3766 1237 3815 quae
1270 3752 1319 3801 N
1322 3750 1434 3801 aber
1468 3738 1561 3801 Od.
1596 3750 1794 3815 Quaest.
1829 3752 1978 3802 Hom.
2014 3768 2062 3817 p.
2097 3750 2155 3804 ’1
2164 3753 2332 3801 contra
2366 3748 2775 3801 Lachmannianos

392 3834 613 3895 disserit,
645 3838 695 3883 et
730 3836 880 3893 Grete
913 3833 1025 3886 hist.
1061 3834 1114 3883 of
1145 3836 1323 3885 Grewe
1358 3834 1553 3886 London
1588 3834 1722 3882 1869
1756 3833 1864 3883 Vol.
1901 3834 1958 3885 11
1989 3835 2180 3899 part.1
2215 3834 2290 3885 cb.
2331 3832 2493 3883 XXXI
2529 3830 2614 3898 (Ρ.
2635 3828 2774 3893 160).

374 3942 463 3956 ·—-
508 3916 618 3966 Nisi
641 3916 786 3968 -ssorte
808 3918 967 3981 ,putes
1012 3915 1127 3967 haec
1171 3917 1281 3965 inde
1326 3915 1554 3980 explicari
1598 3930 1734 3981 posse
1777 3916 1904 3978 quod
1934 3932 2058 3979 quae
2091 3916 2316 3965 noverint
2349 3918 2518 3981 poetae
2553 3914 2774 3965 consulto

393 3996 632 4048 tacuerint
680 3997 867 4061 antiqui
888 4052 892 4057 ,
912 3998 1017 4046 sevi
1066 3998 1269 4063 speciem
1316 4001 1577 4051 servantes.
1625 3997 2038 4061 Quemadmodum
2073 3997 2426 4047 vWilemowitz
2465 3996 2630 4045 Hom..
2653 3995 2773 4045 Unt.

394 4094 440 4144 Ρ.
478 4079 578 4129 202
628 4078 732 4128 »Im
774 4078 903 4143 Epos
946 4078 1009 4127 ist
1056 4078 1139 4127 das
1184 4077 1339 4127 Leben
1384 4080 1481 4127 und
1526 4078 1606 4127 die⁴
1648 4076 1963 4127 Gesellscbaft
2010 4076 2361 4126 conventionell
2407 4077 2630 4139 stilisirt;
2667 4076 2773 4125 dass

395 4161 473 4209 die
507 4161 704 4209 Hei-oen
737 4160 874 4209 nicht
905 4159 1153 4209 schreiben
1184 4159 1249 4209 ist
1282 4160 1439 4210 nichts
1472 4161 1668 4209 anderes
1702 4160 1774 4209 eis
1808 4161 1914 4209 dass
1947 4159 2016 4209 sie
2049 4159 2184 4208 nicht
2218 4159 2370 4208 reiten
2383 4196 2396 4217 ‚
2429 4158 2571 4207 keine
2603 4158 2774 4207 F'ische

392 4258 553 4311 essen,
596 4242 737 4291 keine
770 4244 930 4306 Suppe
962 4238 1196 4291 kochen.”
1235 4242 1314 4290 Ite
1346 4257 1404 4290 ex
1436 4241 1699 4306 composito
1733 4240 1811 4305 agi
1846 4239 2072 4290 credibile
2105 4243 2176 4288 est
2209 4255 2238 4289 a
2272 4240 2425 4305 poetis
2458 4239 2542 4303 qui
2577 4238 2690 4289 stilo
2725 4241 2776 4290 et

393 4325 562 4373 charta
606 4327 807 4373 utantur
838 4323 890 4372 in
922 4324 1177 4372 condendis
1211 4324 1472 4387 poematis,
1519 4326 1573 4377 ut
1606 4338 1774 4372 revera
1806 4322 1970 4373 fecisse
2001 4320 2172 4372 Iliadis
2208 4324 2256 4370 et
2289 4322 2523 4387 Odysseae
2559 4324 2778 4372 auctores

395 4406 502 4457 vult
548 4404 803 4464 vWilsm.‚
848 4420 945 4454 non
987 4405 1213 4454 credibile
1258 4408 1331 4454 est
1374 4404 1414 4454 si
1460 4420 1567 4453 cum
1602 4405 1864 4454 Ethardtio
1898 4404 2133 4461 sumimus
2168 4419 2248 4453 eos
2279 4418 2400 4467 quae
2433 4397 2778 4471 excogitassent

397 4486 677 4539 memoriter
708 4486 980 4551 protulisse.
