3351 5463
438 1013 581 1104 DE
637 1015 1254 1105 PLUTARGHI
1313 1013 1892 1105 MORALIUM
1951 1007 2517 1106 CODICIBUS

288 1165 1110 1266 PRAECIPUEQUE
1130 1166 1272 1256 DE
1293 1166 1673 1258 CODICE
1702 1168 2204 1258 PARISINO
2229 1168 2325 1258 D.
2354 1182 2435 1255 N.
2462 1183 2670 1287 1956.

1368 1405 1616 1448 8οΒῙΡ81Τ

1040 1586 1121 1655 G.
1146 1589 1249 1690 Ν.
1296 1587 1930 1656 BERNARDAKIS.

1269 1892 1657 1929 —o-wo-o—

382 2146 476 2211 Ut
528 2146 615 2237 116
672 2146 949 2213 aliorum
998 2148 1386 2232 scriptorum
1432 2148 1527 2212 ita
1573 2148 1649 2213 de
1694 2147 2034 2214 Plutarchi
2080 2148 2398 2214 codicibus
2443 2167 2681 2234 magna

288 2255 460 2318 inter
504 2255 679 2318 viros
726 2253 941 2318 doctos
986 2257 1087 2318 est
1130 2253 1459 2320 dissensio,
1509 2253 1609 2318 Ex
1654 2252 1995 2319 Plutarchi
2041 2253 2396 2319 Moralium
2434 2253 2684 2320 editori-

288 2359 411 2424 bus
459 2356 572 2422 alii
616 2359 897 2425 codicem
942 2357 1003 2422 D
1042 2361 1247 2425 secuti
1286 2363 1469 2436 sunt,
1511 2357 1624 2423 alii
1661 2359 1823 2425 alios
1840 2408 1857 2439 ,
1899 2362 2361 2446 praecipueque
2399 2359 2684 2425 codicem

224 2511 229 2514 -
288 2464 659 2528 Parisinum
702 2463 759 2528 E
804 2469 891 2544 (n.
924 2461 1163 2546 1672);
1212 2466 1281 2528 in
1326 2465 1583 2548 scriptis
1632 2464 1891 2549 quidem
1908 2513 1925 2543 ,
1977 2486 2138 2550 quae
2183 2465 2395 2530 codice
2441 2464 2498 2529 D
2545 2486 2687 2530 con-

291 2571 603 2647 tinentur,
653 2567 1188 2655 wyttenbachius
1233 2569 1515 2636 mediam
1566 2590 1646 2654 qu
1655 2569 1913 2636 amdam
1959 2573 2138 2637 viam
2181 2573 2512 2656 ingressus
2551 2575 2650 2634 est
2667 2618 2685 2649 ‚

297 2695 693 2761 quamquam
736 2696 945 2761 neque
988 2678 1125 2762 ipse
1172 2675 1455 2743 codicem
1500 2679 2024 2745 vetustissimum
2071 2677 2469 2764 eundemque
2514 2697 2686 2763 prae-

294 2784 773 2849 stantissimum
834 2781 1189 2848 contulerat
1206 2830 1223 2861 ,
1287 2804 1493 2869 neque
1556 2784 1813 2850 collatio
1832 2834 1849 2864 ,
1917 2806 2112 2871 quam
2174 2786 2242 2850 in
2307 2787 2444 2850 eius
2468 2804 2686 2849 ,usum

293 2890 487 2953 amici
533 2886 985 2974 neglegentius
1024 2909 1220 2973 quam
1258 2910 1337 2955 ex
1372 2889 1549 2955 illius
1587 2893 1896 2977 temporis
1932 2893 2232 2957 instituto
2272 2895 2649 2976 paraverant
2669 2936 2686 2965 ,

297 2998 596 3060 accurata
640 2999 708 3059 et.
752 2994 1223 3079 quodammodo
1270 2995 1565 3061 absoluta
1611 3002 1766 3063 erat.
1812 2996 2192 3064 Duebnerus
2236 3002 2455 3062 autem
2474 3044 2490 3075 ‚
2542 3015 2691 3060 cum

296 3105 366 3165 et
426 3103 644 3184 posset
712 3103 776 3164 et
836 3099 1091 3165 deberet
1152 3103 1323 3185 ipsos
1382 3102 1593 3167 fontes
1640 3101 1813 3167 haud
1858 3101 2082 3187 procul
2128 3102 2436 3167 distantes
2483 3100 2656 3165 adire
2674 3147 2690 3178 ‚

300 3202 553 3270 rivulos
606 3203 961 3270 collationis
1032 3200 1329 3271 Gonticae
1398 3206 1687 3272 turbidos
1754 3206 2180 3293 praetulerat,
2255 3204 2408 3270 οἴνου
2479 3203 2695 3285 παρόν-

302 3332 409 3381 τος
474 3308 645 3387 ὄξους
707 3310 969 3391 mdo-0213
1037 3331 1162 3397 qua
1214 3310 1549 3377 collatione
1596 3314 1776 3377 nisus
1821 3311 1980 3377 talia
2024 3312 2220 3377 verba
2266 3315 2487 3375 contra
2532 3309 2697 3375 codi—

302 3436 467 3491 cem,
536 3435 728 3500 quem
789 3437 869 3481 ne
926 3418 1291 3501 inspexerat
1352 3417 1611 3502 quidem
1629 3465 1645 3496 ,
1712 3419 1995 3503 proicere
2057 3436 2251 3481 ausus
2299 3421 2396 3480 est
2419 3432 2456 3479 :*
2485 3413 2697 3495 „Quid

308 3520 478 3606 quod
542 3522 612 3584 in
671 3542 744 3585 eo
807 3521 1017 3587 codice
1078 3543 1273 3607 quem
1328 3521 1862 3605 Plutarcheorum
1909 3524 2293 3607 scriptorum
2342 3518 2701 3587 vetustissi-

308 3647 498 3691 mum
560 3627 839 3711 possidet
897 3627 1295 3694 Bibliotheca
1355 3628 1594 3716 Regia,
1658 3653 1721 3696 n.
1777 3627 1972 3706 1956,
2033 3628 2270 3694 saeculi
2317 3626 2444 3692 XII
2491 3624 2701 3712 (Wyt-

305 3732 646 3798 tenbachio
690 3733 796 3812 D),
844 3733 1042 3798 multi
1086 3739 1421 3818 poetarum
1465 3756 1690 3800 versus
1739 3736 2152 3810 omittuntur,
2202 3736 2314 3818 qui
2358 3734 2429 3796 in
2475 3733 2700 3798 ceteris

304 3841 596 3916 exstant,
638 3858 715 3903 ex
754 3837 879 3903 alio
920 3838 1083 3903 libro
1107 3886 1122 3915 ,
1164 3845 1241 3904 ut
1279 3840 1557 3918 videtur,
1608 3838 1931 3926 suppleti'’
1983 3838 2285 3919 (Praefat.
2337 3835 2418 3903 ad
2456 3835 2597 3901 Vol.
2638 3833 2701 3907 H

306 3964 374 4029 p.
418 3941 482 4008 2.
536 3938 757 4023 1877).
808 3942 983 4022 Quae
1030 3965 1207 4010 mera
1247 3945 1571 4011 calumnia
1607 3952 1706 4011 est
1723 3966 1740 4024 3
1783 3966 1934 4010 nam
1975 3947 2029 4009 si
2070 3944 2352 4010 defectus
2391 3941 2702 4028 quosdam

309 4070 392 4114 ex
435 4047 951 4114 homoeoteleuto
1000 4053 1168 4115 ortos
1216 4054 1534 4136 exceperis
1551 4100 1568 4131 ,
1618 4072 1824 4136 neque
1868 4056 2206 4137 poetarum
2250 4069 2474 4115 versus
2519 4048 2704 4112 omit-

310 4155 400 4218 tit
442 4151 637 4219 codex
680 4174 887 4238 neque
934 4154 1286 4240 quidquam
1348 4157 1561 4222 simile
1624 4159 1978 4223 committit
1994 4203 2010 4234 ,
2069 4154 2179 4221 sed
2240 4157 2458 4220 contra
2518 4173 2702 4237 saepe

313 4258 644 4343 suppletos
698 4260 897 4324 tradit
915 4306 931 4337 ,
997 4265 1073 4324 ut
1129 4262 1295 4327 infra
1353 4262 1737 4329 videbimus.
1815 4263 2038 4349 Neque
2097 4262 2334 4326 rectius
2393 4258 2705 4326 iudicavit

313 4362 488 4428 idem
540 4365 643 4429 vir
698 4364 1105 4430 doctissimus
1167 4373 1257 4451 (p.
1307 4366 1349 4430 4
1393 4367 1551 4449 l.l.):
1621 4368 1954 4458 „Denique
2017 4366 2217 4451 (quod
2261 4366 2543 4430 maxime
2590 4365 2706 4427 cir-

312 4474 757 4554 cumspectum
794 4469 1053 4536 reddere
1094 4470 1385 4551 debebat)
1422 4476 1490 4538 in
1531 4475 1997 4559 antiquissimis
2020 4472 2313 4539 codicum
2336 4474 2705 4535 nostrorum

2347 4591 2411 4640 25
