3351 5463
710 354 796 420 50
1697 372 2087 422 Ansonnms.

704 536 1014 604 vocabulo
1075 539 1160 601 sit
1220 557 1372 602 vera
1431 535 1623 601 lectio
1688 559 1725 600 κ
1742 561 1771 600 ε
1789 554 1828 603 λ
1847 563 1889 602 α
1911 562 1929 602 ι
1948 564 1977 603 ν
1994 538 2025 603 0'
2043 560 2095 617 χ
2112 563 2142 617 ρ
2162 563 2204 601 ω
2224 564 2263 603 τ
2283 562 2311 603 ο
2328 563 2379 606 ν.
2444 538 2541 606 Of.
2593 541 2983 622 μελάγχρως
3009 569 3093 594 =

707 643 1133 724 μελάγχρους.

794 864 988 929 Eum.
1037 862 1166 928 845
1192 899 1272 925 ==
1298 860 1429 928 877

1065 968 1191 1033 άπὸ
1233 971 1358 1048 γάρ
1405 993 1486 1044 με
1533 973 1726 1046 τιμᾶν
1775 967 2124 1034 δαναιοῖν
2172 971 2362 1034 θεῶν
2430 999 2437 1010 ·

1067 1074 1438 1152 δυο-πόλεμοι
1490 1081 1664 1152 παρ’
1716 1075 1938 1139 οὐδὲν
1988 1071 2180 1155 ἦραν
2219 1075 2401 1140 δόλοι.

703 1180 925 1246 Placet
982 1181 1294 1265 hodieque
1358 1181 1525 1244 mihi
1571 1183 1877 1245 correctio
1926 1201 2122 1265 quam
2171 1184 2475 1266 proposui
2522 1180 2598 1244 E.
2625 1181 2704 1244 A.
2754 1201 2902 1266 pag.
2962 1180 3089 1245 159

705 1286 891 1351 νέων
933 1308 1048 1371 1110
1095 1288 1254 1364 θεῶν,
1321 1286 1490 1372 (111οᾱ
1551 1292 1646 1350 est
1700 1289 2067 1371 interpretis
2115 1286 2499 1373 (Aeschylus
2547 1295 2715 1351 certe
2765 1287 2906 1351 θεᾶν
2944 1291 3095 1353 6611-

704 1395 982 1478 11616661),
1024 1392 1133 1458 66(1
1173 1399 1498 1478 praeterea
1536 1395 1950 1477 oppositionis
1990 1395 2202 1477 gratia
2240 1396 2493 1477 requiro
2519 1417 2603 1469 με
2629 1429 2715 1440 -
2741 1392 2772 1456 δ
2792 1416 2834 1457 οι
2853 1417 2935 1456 να
2955 1394 2979 1456 ι’
2995 1419 3037 1456 α
3059 1419 3090 1456 ν

706 1497 904 1563 νέων.
968 1498 1154 1563 Ν11116
1212 1519 1362 1562 611111
1425 1498 1765 1583 Blaydesio
1812 1503 1901 1583 (p.
1952 1497 2111 1576 351)
2157 1498 2383 1564 haereo
2427 1501 2497 1562 in
2545 1500 2759 1564 verbis
2808 1503 2951 1578 παρ’
3000 1501 3098 1564 οὐ-

704 1604 800 1669 δὲν
863 1600 1025 1683 ἦραν,
1087 1625 1248 1689 quae
1312 1607 1421 1669 vix
1484 1604 1836 1688 quidquam
1898 1604 2255 1690 significare
2304 1626 2485 1690 posse
2534 1605 2855 1670 videntur.
2920 1605 3091 1684 Quid

701 1711 900 1776 lateat
937 1732 1062 1776 non
1105 1711 1289 1795 potui
1333 1708 1635 1796 indagare
1655 1759 1669 1784 ‚
1714 1710 2039 1796 Blaydesii
2078 1714 2508 1777 coniecturam
2550 1713 2617 1787 γ’
2657 1711 3091 1791 ἀπεστέρησαν

702 1822 949 1902 praeter
1019 1815 1315 1881 mutandi
1384 1815 1716 1880 audaciam
1785 1838 2073 1902 1116111616
2143 1817 2402 1882 videtur
2472 1819 2675 1881 otiosa
2751 1817 3088 1902 particula.

699 1923 999 1988 Premere
1045 1944 1288 2009 nequeo
1335 1925 1764 2007 suspicionem
1812 1921 2010 1986 latere
2056 1922 2338 2007 aliquam
2376 1922 2766 1987 locutionem
2806 1923 3091 1988 similem

554 2037 566 2048 ·
663 2031 1075 2100 vnotissimae
1147 2027 1460 2093 formulae
1531 2030 1678 2106 πρὸς
1747 2023 1930 2098 οὖδας
1998 2027 2286 2104 βάλλειν,
2348 2034 2413 2094 et
2473 2034 2758 2093 metrum
2821 2030 3085 2114 quidem

700 2135 988 2199 admittit
1050 2137 1196 2214 πρὸς
1243 2131 1423 2204 οὖδας
1471 2130 1703 2210 ἔβαλον
1750 2131 1946 2210 δόλοι,
1996 2133 2107 2198 sed
2165 2154 2387 2198 vereor
2433 2155 2510 2198 ne
2557 2137 2754 2198 nimis
2800 2134 3091 2199 violenta

700 2240 1000 2305 videatur
1043 2241 1348 2305 correctio
1363 2286 1378 2315 ‚
1429 2259 1622 2323 quare
1672 2260 1810 2304 rem
1856 2237 1999 2302 aliis
2046 2242 2418 2324 permittere
2465 2240 2659 2306 malo.

788 2458 980 2524 Eum.
1033 2457 1164 2522 961
1428 2459 1562 2523 θεαί
1605 2457 1664 2521 τ’
1713 2454 1755 2521 ὦ
1808 2467 2033 2536 Μοῖραι

1421 2575 2001 2643 ματροκασιγνῆται
2025 2612 2042 2644 ,

1424 2671 1710 2748 δαίμονες
1758 2671 2049 2752 ὀρθονόμοι

1421 2779 1611 2841 παντὶ
1661 2777 2220 2859 δόμῳμετάκοινοι

1420 2882 1610 2946 παντὶ
1660 2884 1911 2963 χρόνῳ
1957 2884 2010 2948 δ’
2061 2885 2389 2965 ἐπιβριθεῖς

1424 2986 1671 3059 ἐνδίκοις
1719 2987 2033 3066 ὁμιλίαις,

1420 3093 1634 3177 πάντα
1682 3096 2062 3171 τιμιώταται
2113 3097 2273 3162 θεῶν.

695 3197 1133 3283 Depravatum
1195 3220 1330 3264 esse
1392 3198 1612 3284 χρόνῳ,
1652 3207 1919 3267 constat.
1986 3201 2317 3268 Wecklein
2365 3203 2439 3267 de
2490 3225 2605 3268 suo
2657 3202 2830 3268 dedit
2878 3203 3087 3285 θρόνῳ,

695 3304 863 3389 (111οᾱ
928 3326 1159 3389 parum
1229 3306 1496 3383 arridet,
1561 3306 1798 3372 melius
1860 3307 2135 3395 Blaydes
2202 3309 2400 3390 δόμῳ,
2465 3311 2591 3373 11161
2654 3310 2821 3393 quod
2886 3311 3084 3390 δόμῳ,

693 3430 1064 3495 praegresso
1104 3411 1290 3476 modo
1329 3412 1550 3476 eodem
1591 3414 1929 3495 vocabulo,
1977 3418 2071 3479 ita
2111 3421 2486 3501 corruptum
2519 3435 2653 3479 esse
2680 3437 2804 3479 non
2828 3417 3089 3483 videtur

693 3515 1039 3598 probabile.
1101 3516 1242 3601 Ipse
1306 3516 1619 3581 Mnemos.
1671 3518 1852 3595 XXI,
1901 3540 1962 3603 p.
2015 3517 2100 3584 96
2164 3521 2491 3585 tentabam
2543 3521 2732 3584 παντὶ
2784 3521 2873 3586 sed
2886 3547 2977 3602 ρῳ
3026 3521 3080 3585 δ’

695 3620 1023 3698 ἐπιβριθεῖς
1091 3624 1307 3698 „omni
1367 3623 1681 3705 (quidem)
1744 3623 2026 3688 familiae
2088 3646 2457 3691 communes
2477 3676 2492 3703 ‚
2542 3627 2652 3691 sed
2699 3630 2878 3691 omni
2924 3628 3081 3692 inso-

694 3724 916 3789 lentiae
975 3748 1204 3813 graves
1261 3730 1434 3791 iusta
1481 3735 1648 3809 (sua)
1697 3730 2216 3794 consuetudine''.
2265 3732 2679 3807 Adiectivum
2728 3734 3079 3810 μετάκοινοι

692 3832 797 3910 (cf.
846 3853 941 3896 vs.
994 3832 1121 3897 351
1173 3838 1239 3897 et
1285 3831 1509 3918 Suppl.
1564 3832 1765 3915 1038)
1806 3857 1933 3900 11011
1972 3835 2458 3903 sollicitaverim
2498 3860 2649 3903 cum
2691 3838 2793 3904 Bl.
2837 3842 3081 3918 μεγάλ’

691 3932 842 4000 εὖνοι
893 3940 1270 4023 suspicanti.
3118 3934 3129 3941 ’

781 4138 972 4205 Eum.
1023 4139 1153 4205 985
1411 4143 1726 4225 χάρματα
1776 4146 1829 4210 δ’
1880 4145 2172 4211 άντιδοῖεν

1414 4256 1752 4330 κοινοφιλεῖ
1795 4252 2028 4333 διανοίᾳ
2108 4303 2111 4306 .

1413 4357 1545 4419 καὶ
1597 4363 1939 4434 στυγεῖν
1987 4357 2107 4435 μία
2154 4359 2348 4433 Φρενί.

688 4457 1018 4525 Wecklein
1079 4464 1339 4524 annotat
1400 4460 1547 4537 „Sie
1608 4483 1845 4548 mogon
1890 4462 2135 4527 Freude
2182 4466 2305 4527 mit
2351 4464 2597 4529 Frende
2644 4466 2959 4531 erwidern
3005 4469 3075 4531 in
