3351 5463
1079 371 1165 417 1111
1208 369 1368 418 1666
1415 370 1765 419 6166116616.
2489 351 2618 419 123
2672 368 2679 377 ·

260 540 457 620 eptum
526 540 591 599 et
673 533 1041 598 ridiculum.
1131 532 1355 617 Itaque
1426 532 1644 599 Cicero
1716 555 1866 599 cum
1935 538 2218 620 ineptius
2296 537 2416 601 hoc
2484 559 2619 603 esse

260 645 481 705 censeat
543 660 741 724 quam
806 638 972 723 quod
1035 638 1292 702 directis
1349 639 1559 703 verbis
1606 640 2123 724 reprehendatur,
2174 641 2385 705 ridens
2436 643 2622 706 adno-

260 752 338 810 tat
400 749 687 820 tantum,
759 743 828 807 id
894 764 1027 807 esse
1098 750 1218 805 tam
1280 749 1465 807 acute
1527 746 1868 809 inventum
1887 793 1902 821 ‚
1968 751 2042 808 ut
2104 748 2346 809 nemini
2415 746 2620 811 adhuc

263 854 355 936 qui
416 870 727 935 umquam
793 848 1008 933 legem
1077 850 1520 932 conscripserit
1585 849 1652 912 id
1714 852 1782 912 in
1847 856 2131 915 mentem
2196 854 2461 915 venerit.
2528 850 2620 914 Ut

262 957 419 1021 nobis
481 954 845 1041 legentibus
914 953 1223 1039 frigidum
1294 952 1413 1016 1166
1484 952 1800 1029 videatur,
1873 954 2041 1037 quod
2100 957 2258 1019 item
2323 955 2494 1019 cadit
2549 957 2618 1018 in

264 1060 447 1124 multa
504 1060 706 1124 facete
755 1058 922 1122 dicta
968 1061 1023 1121 si
1071 1057 1147 1122 de
1195 1059 1429 1140 scripto
1478 1056 1798 1141 legantur,
1851 1063 2067 1121 tamen
2113 1080 2211 1123 res
2258 1064 2392 1122 tam
2441 1059 2622 1123 brevi
2665 1082 2674 1091 ·

262 1168 527 1250 tangitur
570 1184 608 1228 a
656 1160 952 1228 Cicerone
974 1210 988 1233 .
1039 1168 1113 1225 ut
1160 1161 1369 1226 taedio
1416 1182 1819 1247 nequaquam
1865 1162 2155 1227 offendat.
2206 1161 2410 1226 Verba
2456 1162 2621 1227 nihil

260 1269 415 1334 aliud
473 1267 837 1355 significant
898 1288 1092 1352 quam
1155 1268 1312 1331 hoc:
1385 1266 1594 1351 „quod
1651 1270 1915 1352 insuper
1961 1275 2057 1331 est
2103 1268 2371 1331 absurde
2418 1274 2481 1331 et
2528 1271 2621 1331 in-

260 1377 503 1438 scienter
562 1372 1038 1437 enuntiatum'’.
1102 1369 1286 1435 Nihil
1348 1374 1669 1455 pertinent
1729 1371 1808 1435 ad
1854 1372 1923 1435 id
1969 1372 2137 1456 quod
2186 1373 2261 1437 de
2307 1373 2617 1458 Pompeio

260 1477 491 1542 excluso
556 1480 850 1562 queritur
915 1473 1155 1542 Oicero.
1204 1474 1299 1539 De
1347 1496 1420 1539 ea
1466 1497 1533 1540 re
1582 1475 1803 1542 Cicero
1848 1480 1942 1541 ita
1989 1480 2212 1553 sentit,
2263 1480 2619 1561 oportuisse
2722 1531 2728 1536 .

260 1584 360 1646 hac
395 1582 537 1668 lege
569 1582 913 1667 praescribi
947 1585 1063 1656 „ut
1094 1580 1456 1644 absentium
1488 1584 1796 1646 rationem
1830 1582 2060 1645 habere
2093 1581 2314 1647 liceret
2343 1586 2620 1647 comitiis

260 1686 811 1761 decemvirorum'',
847 1690 961 1750 aut
995 1685 1285 1750 debuisse
1318 1684 1513 1749 aliam
1545 1688 1862 1749 rationem
1893 1688 2197 1750 constitui
2233 1708 2358 1771 qua
2381 1686 2619 1751 decem-

260 1795 367 1857 viri
402 1815 476 1857 ex
518 1793 636 1857 hac
674 1790 818 1877 lege
857 1793 1257 1865 crearentur,
1301 1809 1425 1874 qua
1465 1790 1774 1873 Pompeio
1816 1811 2066 1874 (1116(1116
2105 1790 2316 1854 aditus
2341 1790 2616 1855 daretur.

262 1897 478 1962 Verum
540 1919 693 1961 cum
756 1895 955 1960 semel
1012 1916 1154 1959 eam
1202 1894 1662 1959 contumeliam
1710 1898 1778 1957 in
1825 1896 2209 1979 Pompeium
2257 1896 2619 1961 admisisset

263 2000 583 2078 Servilius,
634 2006 711 2065 ut
759 2007 1046 2086 petentes
1097 1998 1467 2084 „profiteri”
1518 2000 1768 2063 iuberet
1788 2046 1805 2076 ,
1855 2005 2070 2063 tamen
2119 2020 2270 2063 eum
2307 2000 2376 2064 id
2415 2001 2617 2065 facere

261 2128 367 2171 non
411 2108 704 2172 debuisse
749 2111 962 2170 censet
1008 2102 1243 2170 Cicero·
1274 2109 1411 2168 tam
1455 2103 1654 2168 stulto
1704 2104 1911 2167 modo,
1953 2103 2076 2167 Sed
2115 2107 2313 2169 etiam
2353 2108 2618 2191 gravius

263 2211 509 2297 aliquid,
572 2232 771 2297 quam
834 2216 1092 2295 turpem
1138 2230 1415 2274 errorem
1434 2259 1450 2285 ,
1497 2212 1565 2272 in
1613 2231 1686 2274 66
1733 2208 2041 2274 vocabulo
2087 2209 2286 2274 latere
2309 2258 2322 2283 ,
2375 2208 2620 2276 Cicero-

260 2338 387 2382 nem
427 2325 597 2383 certe
634 2339 761 2382 non
801 2318 991 2402 fugit.
1036 2316 1203 2380 Nam
1244 2336 1393 2380 611111
1430 2314 1607 2400 leges
1650 2318 1942 2401 vigentes
1981 2315 2266 2380 adhibito
2306 2314 2615 2381 vocabulo

264 2423 605 2507 „profiteri”
647 2421 1046 2507 postularent
1085 2427 1159 2485 ut
1206 2422 1316 2506 qui
1347 2423 1807 2506 magistratum
1830 2441 2050 2505 capere
2077 2420 2319 2484 vellent
2337 2469 2353 2498 ,
2379 2420 2619 2485 Romae

261 2528 521 2593 adessent
542 2576 556 2604 ‚
605 2528 741 2591 fieri
786 2548 910 2591 non
960 2531 1207 2611 poterat
1227 2574 1244 2602 ,
1293 2528 1348 2588 si
1394 2546 1557 2590 nova
1601 2524 1705 2589 lex
1753 2525 2183 2589 introduceret
2223 2529 2287 2589 et
2324 2520 2618 2609 probaret

261 2632 581 2697 formulam
646 2635 947 2696 vitiosam
1015 2635 1454 2715 „praesentem
1515 2629 1864 2714 profiteri'',
1930 2631 2084 2713 quin
2131 2630 2472 2693 vitiaretur
2515 2632 2615 2693 vis

261 2740 377 2821 ipsa
416 2738 593 2803 illius
640 2737 971 2814 vocabuli,
1022 2741 1416 2801 everteretur
1462 2738 1622 2799 ratio
1670 2738 2078 2799 comitiorum
2099 2782 2114 2809 ,
2161 2737 2228 2797 in
2273 2735 2390 2800 hac
2438 2740 2616 2819 parte

263 2863 487 2927 quoque
535 2843 935 2919 „tollerentur
972 2845 1075 2920 (ut
1110 2839 1189 2905 de
1228 2839 1354 2904 alia
1390 2861 1459 2904 re
1498 2839 1656 2903 dicit
1697 2838 1914 2904 Cicero
1939 2839 2001 2903 2.
2032 2838 2145 2917 22)
2179 2840 2436 2920 optimae
2460 2840 2616 2919 leqes

262 2948 359 3009 hac
398 2949 519 3028 leye
563 2948 697 3010 eine
741 2947 873 3009 ulla
920 2945 1259 3028 ext-ceptione
1304 2944 1397 3022 (id
1441 2951 1540 3008 est
1586 2944 1886 3024 tacite)'';
1935 2944 2232 3008 futurum
2269 2947 2441 3008 enim
2481 2950 2617 3008 erat

263 3057 327 3112 ut
370 3072 578 3116 omnes
626 3052 751 3115 sibi
797 3070 1092 3135 arrogare
1138 3055 1392 3133 possent
1434 3054 1512 3112 ut
1559 3049 1927 3112 absentibus
1973 3048 2096 3112 sibi
2140 3047 2361 3112 liceret
2396 3070 2614 3113 6611611·

264 3152 414 3219 1111116
458 3162 519 3220 et
565 3154 965 3240 praetoribus
1011 3156 1242 3230 creari,
1292 3173 1442 3217 cum
1490 3152 1690 3217 semel
1735 3159 2028 3237 acceptus
2070 3158 2233 3216 esset
2270 3152 2419 3218 talis
2457 3173 2614 3216 usus
2714 3153 2722 3160 “

264 3260 571 3336 vocabuli,
623 3280 749 3343 quo
798 3261 993 3322 etiam
1042 3257 1455 3334 „absentem”
1505 3257 1610 3322 vel
1661 3279 1818 3342 „per
1861 3256 2108 3322 alium''
2148 3257 2216 3319 id
2251 3256 2391 3320 fleri
2429 3278 2613 3341 posse

261 3383 487 3430 necesse
549 3371 715 3430 esset
769 3362 935 3448 quod
994 3363 1168 3449 leges
1216 3362 1631 3447 postularent.
1699 3362 1883 3426 Hanc
1930 3362 2007 3425 ob
2054 3381 2313 3425 causam
2361 3383 2610 3446 quoque

264 3464 463 3534 Cicero
508 3470 841 3546 admonet,
890 3467 1055 3533 nihil
1098 3467 1411 3533 eiusmodi
1458 3488 1592 3532 esse
1637 3470 1706 3530 in
1753 3467 2005 3552 legibus
2053 3465 2442 3551 vigentibus.
