3351 5463
1259 433 1632 484 nonnanes.
2503 414 2638 479 329

252 602 479 663 contra
524 597 680 664 dicit
726 619 865 664 rem
903 600 1173 664 minime
1209 599 1301 664 ita
1345 619 1412 664 se
1450 599 1684 663 habere
1700 646 1717 675 ,
1756 617 1910 662 nam
1947 598 2124 682 prius
2161 598 2372 683 ipsam
2407 615 2641 662 navem

256 723 391 768 esse
437 708 729 787 oportere
776 709 1121 789 antequam
1165 704 1379 769 fluitet
1396 753 1413 782 ,
1455 704 1525 769 id
1560 708 1696 782 est,
1733 723 1967 770 navem
2005 706 2174 768 recte
2211 706 2641 768 constructam

253 828 371 874 sua
416 813 647 874 natura
692 808 945 876 fluitare
993 831 1263 895 eamque
1311 816 1610 875 naturam
1652 830 1780 874 non
1827 808 2098 894 pendere
2145 829 2224 874 ex
2269 829 2341 874 eo
2387 807 2555 894 quod
2603 828 2642 872 a

252 917 426 978 terra
472 916 655 979 navis
710 915 1061 980 deducatur
1103 918 1171 980 in
1219 934 1476 1000 aquam.
1522 913 1593 980 Si
1638 913 1933 1000 sing-ulae
1981 917 2194 999 partes
2231 913 2468 979 ferreae
2511 914 2642 978 sint

254 1016 575 1102 dispersae
634 1041 759 1085 non
823 1041 956 1085 esse
1013 1041 1248 1086 navem
1293 1019 1657 1084 fluitantem
1675 1066 1694 1097 ,
1742 1018 1853 1084 sed
1897 1021 2094 1085 etiam
2139 1021 2196 1084 si
2242 1024 2453 1105 partes
2495 1017 2644 1083 illae

253 1125 390 1188 iam
436 1125 566 1187 sint
612 1123 882 1191 collatae
899 1173 916 1203 ,
969 1111 1199 1191 tamen'
1232 1124 1380 1190 inde
1424 1145 1551 1189 non
1598 1125 1780 1208 sequi
1823 1125 1956 1188 iam
2000 1144 2136 1189 esse
2179 1126 2418 1189 iustam
2462 1128 2644 1189 natu·
2685 1175 2690 1182 .

255 1247 398 1292 ram
461 1231 679 1308 navis;
728 1230 892 1296 hanc
937 1235 1084 1296 tum
1129 1229 1396 1296 demum
1443 1234 1651 1294 ortam
1697 1249 1832 1294 esse
1879 1231 1936 1293 si
1981 1249 2200 1294 omnes
2244 1239 2456 1313 partes
2501 1249 2646 1294 con-

253 1335 547 1399 venienti
612 1339 803 1421 atque
874 1339 1047 1403 iusto
1109 1336 1297 1402 modo
1362 1338 1530 1401 inter
1592 1356 1658 1401 se
1722 1337 1851 1400 sint
1911 1339 2096 1421 aptae
2141 1338 2208 1399 et
2251 1336 2643 1400 coniunctae.

251 1437 510 1505 Navem
559 1445 780 1507 autem
827 1442 1124 1507 omnibus
1169 1443 1457 1507 numeris
1499 1441 1848 1527 perfectam
1894 1441 1950 1504 si
1995 1439 2347 1506 devehatur
2393 1461 2431 1504 a
2476 1444 2647 1504 terra

251 1545 328 1608 in
365 1564 600 1630 aquam
643 1545 895 1612 fluitare
941 1547 1132 1625 dicit,
1182 1568 1310 1612 non
1357 1547 1509 1631 quia
1552 1548 1623 1610 in
1668 1565 1904 1631 aquam
1946 1549 2242 1631 promota
2286 1550 2352 1610 et
2396 1545 2648 1630 prodita

254 1651 348 1714 sit
363 1697 381 1728 ‚
430 1650 541 1716 sed
588 1652 738 1736 quia
783 1673 858 1718 ea
904 1654 990 1717 sit
1036 1655 1423 1718 constructio
1470 1654 1609 1718 eius
1646 1656 1724 1716 ut
1760 1654 1831 1716 in
1870 1671 2035 1746 aqua
2070 1650 2284 1716 fluitet
2320 1655 2643 1736 natetque.

350 1755 687 1822 Praeterea
747 1756 923 1822 idem
980 1757 1127 1822 inde
1175 1778 1476 1844 apparere
1527 1755 1684 1821 dicit
1729 1755 1899 1841 quod
1918 1804 1935 1834 ‚
1984 1757 2039 1820 si
2085 1757 2238 1822 haec
2280 1758 2463 1822 navis
2510 1755 2649 1820 flui-

253 1864 405 1925 tans
443 1862 513 1924 in
550 1880 714 1946 aqua
751 1864 1042 1949 graviter
1079 1863 1515 1940 contrudatur,
1557 1863 1653 1927 ita
1692 1866 1769 1926 ut
1805 1865 2127 1926 structura
2160 1862 2300 1945 ipsa
2335 1858 2645 1937 laedatur,

260 1967 451 2030 navis
496 1971 652 2032 tunc
697 1973 1033 2053 mergatur
1076 1972 1142 2033 et
1186 1973 1423 2055 pereat.

354 2069 481 2136 Sed
517 2071 673 2137 haec
710 2074 844 2137 iam
883 2074 1211 2138 hactenus.
1262 2071 1653 2138 Vocabulum
1679 2071 1848 2158 quod
1885 2076 1984 2136 est
2011 2070 2328 2154 principio
2366 2090 2460 2136 vs.
2489 2067 2644 2149 937,

260 2179 345 2240 ut
390 2195 560 2241 nunc
606 2183 870 2263 apparet
888 2225 906 2256 ‚
972 2189 1157 2243 suam
1204 2177 1545 2264 vulgarem
1587 2178 1786 2243 habet
1825 2175 2355 2263 significationem
2399 2179 2464 2241 et
2508 2196 2650 2241 con-

265 2281 676 2366 iungendum
734 2288 831 2348 est
894 2304 1044 2349 cum
1102 2291 1417 2366 praeterea
1475 2304 1510 2349 e
1571 2304 1666 2348 vs.
1717 2281 1849 2347 944
1867 2304 1884 2362 3
1935 2303 2030 2349 vs.
2081 2280 2210 2346 941
2259 2286 2479 2347 autem
2525 2302 2651 2347 non

266 2407 422 2451 cum
468 2385 682 2474 Brieg.
730 2387 1081 2474 legendum
1127 2411 1263 2454 esse
1308 2391 1475 2454 modo
1520 2387 1704 2452 vitali
1747 2390 2045 2454 existimo
2061 2435 2079 2467 ‚
2127 2387 2238 2453 sed
2283 2407 2434 2452 cum
2469 2386 2647 2452 codd.

260 2497 331 2558 et
378 2491 643 2563 Lachm.
690 2497 857 2559 modo
894 2494 909 2581 1
949 2496 1178 2562 vitabis.
1209 2543 1224 2560 .
1256 2546 1272 2563 .
1301 2542 1316 2561 .

358 2598 603 2663 Locum
666 2600 1013 2666 obscurum
1072 2621 1208 2666 esse
1253 2600 1560 2678 concedo;
1609 2604 1798 2687 poeta
1842 2601 1899 2664 si
1944 2603 2337 2684 postremam
2382 2619 2652 2664 manum

261 2704 607 2771 admovere
667 2708 1020 2791 potuisset,
1086 2728 1211 2773 non
1273 2726 1477 2793 pauca
1494 2755 1511 2785 ,
1574 2709 1645 2772 ni
1692 2704 1902 2785 fallor,
1950 2705 2285 2772 additurus
2331 2706 2457 2771 fuit
2470 2725 2488 2785 ;
2541 2706 2652 2772 sed

260 2812 561 2878 versibus
609 2810 969 2879 937—943
1018 2812 1279 2879 seclusis
1326 2811 1545 2879 locum
1593 2833 1722 2878 non
1769 2813 2015 2899 mag-is,
2055 2811 2165 2877 sed
2201 2814 2399 2877 etiam
2436 2812 2655 2877 minus

262 2915 519 2983 clarum
566 2921 757 3004 atque
802 2921 1216 3006 perspicuum
1261 2939 1397 2984 esse
1430 2917 1758 2984 contendo,
1806 2917 1878 2984 Si
1916 2917 2072 3002 quid
2107 2920 2195 2985 sit
2230 2916 2616 2983 mutandum
2636 2965 2653 2995 ‚

257 3022 564 3088 lacunam
624 3023 902 3089 indicare
963 3023 1165 3093 velim
1230 3030 1378 3091 ante
1440 3044 1607 3090 vsm.
1674 3020 1805 3089 93¹7
1871 3028 1938 3088 et
1982 3026 2126 3109 post
2171 3044 2336 3089 vsm.
2389 3020 2542 3101 943,
2589 3022 2659 3087 id

264 3126 441 3213 quod
501 3133 716 3193 tamen
776 3132 1022 3195 ratione
1082 3129 1303 3195 habita
1368 3130 1668 3195 carminis
1725 3132 1934 3194 status
1979 3129 2344 3215 imperfecti
2389 3130 2659 3193 minime

264 3235 702 3300 necessarium
746 3236 969 3302 habeo.

405 3413 749 3465 Amatelodami
786 3432 947 3467 mense
986 3415 1121 3466 Maio
1157 3426 1453 3465 uocccxow.

2293 4622 2358 4670 22
