3351 5463
684 381 815 446 436
1149 400 1234 445 An
1281 398 1480 446 cAssn
1524 398 1737 445 moms
1780 398 2195 457 zoNAnAnoun
2242 397 2598 445 memmae.

685 567 859 630 enim
925 563 1063 627 fieri
1133 566 1378 647 potuit,
1447 569 1524 627 ut
1593 584 1941 648 pronomen
2009 584 2133 647 quo
2203 561 2568 627 Hasdrubal
2629 562 3073 639 indicabatur,

687 669 1034 746 excideret,
1092 690 1483 753 quamquam
1540 690 1666 733 non
1724 672 1991 753 impune
2055 669 2295 733 carebit
2343 668 2459 733 tali
2508 671 2885 752 pronomine
2932 689 3074 732 sen-

685 778 920 851 tentia3
969 795 1118 839 nam
1157 776 1325 860 quod
1362 795 1530 838 nunc
1571 775 1730 839 dicit
1776 774 1987 859 Scipio
2036 777 2317 859 privatas
2356 775 2727 838 inimicitias
2768 775 2893 837 sibi
2934 794 3072 837 esse

687 880 925 956 nullas,
965 880 1034 943 id
1071 901 1218 944 sane
1255 880 1604 944 absurdum
1643 886 1761 944 est.
1800 879 2043 944 Iterum
2084 887 2297 944 nostro
2336 879 2472 944 loco
2504 878 2872 944 litterarum
2903 883 3070 943 trac-

685 992 793 1051 tus
817 986 1062 1050 'similis
1085 988 1172 1073 ‚in
1204 1006 1481 1051 errorem
1512 986 1769 1050 induxit
1798 985 2127 1063 librariOS,
2160 989 2253 1053 ita
2284 992 2361 1049 ut
2390 991 2536 1050 ante
2571 985 2740 1065 ἔχειν
2781 986 2863 1049 ἐκ
2884 1009 2913 1048 ε
2932 986 2954 1049 ί
2976 1011 3004 1047 ν
3023 1010 3068 1063 ῳ

685 1095 1037 1158 omiserint.
1103 1092 1240 1171 Quo
1299 1094 1669 1177 pronomine
1731 1095 2029 1156 restituto
2091 1091 2384 1177 legatur:
2462 1092 2489 1155 ὃ
2558 1092 2825 1155 Σκιπίων
2900 1114 2929 1153 ο
2955 1089 2991 1153 ὕ
3006 1094 3066 1151 τ’

687 1199 864 1263 mlxv·
894 1196 1118 1278 ἔχθραν
1167 1198 1463 1276 (ἐκείνῳ)
1513 1196 1681 1277 ἔχειν
1726 1194 1919 1276 εἶπεν,
1970 1198 2109 1261 οὔτε
2160 1199 2281 1273 μὴν
2329 1214 2515 1263 team.

774 1417 896 1481 Dio
943 1414 1166 1489 XXIII
1211 1416 1288 1480 fr.
1340 1413 1424 1481 '79
1475 1421 1649 1499 (pag.
1702 1411 2014 1495 325),5‘r1
2076 1413 2362 1480 ἐλθόντων
2411 1416 2845 1497 Νουμαντίνων
2891 1414 3067 1492 πρέσ-

659 1525 843 1600 βεων
913 1524 962 1585 οἱ
1035 1525 1320 1595 Ῥωμαῖοι
1379 1520 1489 1597 ἔξω
1555 1526 1660 1584 τοῦ
1729 1521 1982 1600 τείχους
2045 1519 2325 1596 ἐδέξαντο
2388 1521 2614 1591 αὐτοὺς
2673 1516 2773 1583 ἵνοο
2821 1524 2909 1595 μὴ
2958 1522 3065 1584 καὶ

682 1628 984 1705 βεβαιοῦν
1044 1628 1111 1690 ἐκ
1178 1625 1391 1689 τούτου
1433 1627 1575 1697 τοὶς
1632 1626 1901 1696 σπονδὰς
1950 1623 2201 1699 δόξωσι·
2254 1624 2420 1701 ξένια
2469 1625 2675 1699 μέντοι
2723 1627 2908 1703 σφίσι
2959 1625 3063 1687 καὶ

683 1731 761 1803 ὣς
825 1731 1211 1808 ἐξέπεμψαν.
1279 1730 1513 1796 Durior
1573 1737 1669 1795 est
1733 1733 2085 1795 sententiae
2148 1733 2535 1795 constructio
2596 1750 2791 1816 quam
2837 1736 2912 1794 ut
2958 1729 3065 1795 vel

681 1836 998 1923 eclog-ario
1045 1858 1186 1902 eam
1232 1840 1574 1921 imputem.
1623 1836 1710 1899 Et
1749 1835 1912 1900 illud
1955 1838 2061 1913 „s‘x
2103 1835 2360 1899 τούτου”
2403 1839 2475 1915 (i.
2501 1857 2555 1900 e.
2607 1836 2673 1899 ἐκ
2720 1841 2829 1899 τοῦ
2877 1836 3059 1899 εἷο-ω

683 1947 788 2007 τοῦ
853 1944 1102 2021 τείχους
1161 1943 1482 2021 δέξασθαι)
1548 1950 1768 2007 monet
1821 1948 2196 2026 corruptum
2258 1962 2392 2008 esse
2456 1941 2567 2016 ἔξω
2632 1948 2699 2006 et
2752 1963 2912 2007 cum
2980 1964 3070 2007 se-

682 2050 1046 2133 quentibus⁸
1087 2048 1266 2113 ἀλλὰ
1329 2049 1431 2110 καὶ
1499 2045 1578 2119 ὣς
1641 2047 1875 2112 melius
1928 2048 2289 2112 cohaerebit
2335 2050 2509 2132 prior
2556 2050 2875 2111 enuntiati
2920 2068 3066 2132 pars

682 2157 738 2219 si
783 2157 876 2218 ita
923 2157 1307 2219 sententiam
1354 2157 1786 2239 corrigamus:
1839 2153 2024 2217 εἷο-ω
2054 2158 2171 2217 -τοῦ
2222 2154 2469 2231 τείχους
2512 2154 2716 2229 (οὐκ)
2761 2152 3062 2230 ἐδέξαντο.

769 2372 892 2438 Dio
955 2373 1029 2436 fr.
1100 2371 1364 2453 109.15
1414 2376 1502 2456 (p.
1555 2369 1852 2450 353.12)
1915 2371 2018 2433 καὶ
2083 2366 2149 2442 ἦν
2212 2372 2399 2436 οὐδενὶ
2466 2370 2577 2450 ἔξω
2641 2381 2756 2438 τῶν
2816 2374 2882 2437 ἐκ
2947 2382 3062 2448 τῆς

679 2478 984 2556 ἑταιρείας
1031 2479 1327 2556 ἀσφαλὲς
1373 2476 1568 2541 οὐδέν·
1621 2477 1747 2540 εἴτε
1795 2477 1919 2557 γὰρ
1968 2478 2193 2557 προσ-[οι
2244 2502 2339 2549 τις
2382 2484 2607 2556 (τοῖς)
2650 2479 3059 2557 λευκώμοισιν,

679 2586 891 2649 αἰτίαν
951 2587 1031 2655 ὣς
1097 2584 1199 2647 κοιὶ
1265 2589 1797 2661 πολυπραγμονῶν
1862 2608 1920 2647 τι
1980 2580 2170 2664 εἶχεν,
2223 2584 2346 2648 εἴτε
2396 2586 2483 2660 μὴ
2532 2588 2795 2663 προσίοι,
2844 2585 3064 2665 δυσχε-

679 2692 900 2772 ροιίνειν
949 2688 1158 2756 ἔδοκει.
2330 2690 2337 2697 ’

767 2796 1058 2861 Bekkero
1126 2796 1579 2879 obtemperasti
1649 2817 1799 2859 cum
1861 2801 2007 2859 ante
2067 2798 2454 2871 λευκώμασιν
2519 2799 2846 2862 inseruisti
2910 2807 3057 2870 τοῖς.

674 2901 762 2966 Et
821 2899 1089 2966 articulo
1148 2899 1263 2964 illo
1324 2903 1640 2964 sententia
1702 2921 1910 2964 carere
1959 2902 2238 2984 profecto
2284 2923 2410 2966 non
2458 2909 2688 2986 potest.
2738 2903 3058 2982 Quoniam

675 3012 892 3071 autem
954 3025 1300 3090 pronomen
1348 3028 1443 3076 τις
1493 3005 1661 3090 quod
1708 3006 2025 3089 praecedit
2072 3006 2279 3070 multo
2327 3010 2563 3072 rectius
2612 3009 2814 3073 aberit
2862 3031 3057 3094 quam

563 3145 568 3148 ⁴
675 3112 932 3177 additur
993 3115 1170 3190 (nam
1235 3131 1312 3174 ex
1374 3111 1782 3195 praecedente
1846 3112 2038 3183 οὐδεὶς
2087 3115 2279 3177 tacite
2324 3116 2715 3200 cogitatione
2764 3116 3058 3201 suppleas

674 3218 850 3282 aliud
911 3207 1282 3302 pronomen)
1339 3220 1624 3302 suspicor
1668 3238 1795 3281 non
1843 3217 2246 3283 adiciendum
2295 3227 2421 3289 τοῖς
2469 3225 2614 3304 post
2665 3244 2759 3290 τις
2806 3221 2916 3285 sed
2964 3245 3057 3293 τις

673 3326 741 3389 in
789 3320 1136 3387 articulum
1184 3330 1310 3394 τοῖς
1357 3324 1809 3410 corrigendum
1858 3343 2009 3388 esse.

763 3525 887 3591 Dio
933 3525 1217 3591 XXXVI
1262 3527 1337 3591 fr.
1390 3523 1476 3592 28
1525 3532 1613 3612 (p.
1665 3525 1818 3592 3¹75.
1848 3527 1915 3608 5)
1965 3528 2071 3592 xxi
2122 3525 2183 3593 ὃν
2230 3529 2361 3594 οὐδὲ
2406 3526 2621 3608 ἄρχειν
2669 3527 2757 3591 ἔτι
2806 3552 2898 3592 πω
2952 3530 3097 3594 καὶ·

672 3629 815 3698 τότε
877 3632 1205 3708 δυνάμενον
1269 3632 1367 3697 ἐπὶ
1422 3631 1522 3696 τὸν
1576 3636 1896 3712 Σερτώριον
1947 3635 2481 3715 ἐχειροτονήσατε,
2531 3640 2739 3702 τοῦτον
2790 3636 3055 3700 ὑπατευ-

672 3738 826 3803 κότοο
875 3738 982 3812 ἤδη
1032 3739 1130 3802 ἐπὶ
1182 3737 1324 3810 τοὺς
1374 3743 1887 3812 καταποντιστὰς
1935 3743 2042 3806 οὐκ
2093 3742 2489 3820 ἐκπέμψετε;

761 3841 1082 3909 Vocabula
1129 3842 1218 3907 ἔτι
1269 3869 1361 3907 πω
1413 3848 1477 3909 et
1523 3851 1586 3910 te
1635 3851 1701 3910 et
1747 3844 2093 3912 Polakium
2134 3850 2363 3913 merito
2405 3847 2816 3912 offenderunt.
2866 3847 3050 3927 Quod

669 3971 820 4015 vero
881 3948 1189 4014 collocato
1236 3949 1523 4014 Platonis
1570 3951 1953 4018 Parmenide
1998 3960 2088 4039 (p.
2144 3952 2271 4017 145
2298 3953 2383 4033 D)
2428 3956 2761 4037 proposuit
2806 3939 3052 4038 collega

669 4061 824 4120 tuus
883 4057 1444 4120 aestimatissimus
1496 4055 1654 4134 ,,ἔτι·
1681 4058 1841 4121 που”
1890 4062 2099 4124 nescio
2148 4081 2307 4123 num
2354 4059 2432 4122 ab
2480 4062 2653 4122 omni
2699 4063 2879 4142 parte
2926 4059 3050 4122 suf—

668 4161 859 4226 ficiat.
928 4159 1208 4226 Gravius
1255 4162 1508 4226 subesse
1552 4154 1861 4226 mendum
1911 4166 2197 4247 suspicor
2240 4166 2309 4226 in
2348 4183 2501 4228 voce
2540 4185 2797 4249 prorsus
2838 4184 3051 4249 super—

667 4287 940 4332 vacanea
999 4265 1110 4331 ἔτι.
1174 4266 1456 4352 Opponit
1516 4271 1690 4334 eni‘m
1740 4272 1951 4331 orator
1996 4267 2379 4352 dignitatem
2426 4268 2694 4354 Pompei
2739 4272 2865 4334 viri
2910 4291 3049 4334 con-

667 4367 900 4434 sularis
943 4369 1044 4434 illi
1093 4375 1288 4435 aetati
1333 4394 1484 4436 cum
1530 4375 1726 4438 etiam
1773 4375 2057 4456 primum
2106 4373 2383 4458 gradum
2429 4375 2746 4440 honorum
2794 4395 3046 4459 sperare

671 4495 742 4540 ac
781 4475 1190 4558 quaesturam
1229 4482 1444 4561 petere
1481 4478 1766 4542 nondum
1806 4480 1879 4541 ei·
1903 4476 2181 4542 licuerit.
2232 4479 2484 4557 „Quid”
2510 4483 2755 4564 inquit,
2788 4487 3046 4558 „contra
