3351 5463
681 398 807 464 126
922 466 925 471 ,
1699 414 2062 464 xnnornon.

685 582 791 643 ius
828 579 1173 644 iurandum
1206 580 1545 643 obstitisse.
1585 578 1820 644 Fuerat
1858 583 2074 643 autem
2113 578 2269 642 haec
2287 625 2304 655 ,
2347 579 2594 662 opinor,
2635 598 2760 641 non
2801 578 3063 655 ὑποψία,

689 683 800 748 sed
848 687 888 747 οἱ
909 708 999 747 πο
1017 685 1087 762 pl
1105 710 1167 747 α.
1218 684 1358 748 Hac
1406 683 1652 748 foedere
1700 688 1891 769 rupto
1931 679 2161 748 Graeci
2196 682 2400 747 levati
2437 680 2787 766 potuerunt
2825 682 3066 760 videri,

689 810 839 853 cum
900 792 1031 853 iam
1093 788 1271 853 nullo
1332 792 1495 853 iuris
1553 788 1808 852 iurandi
1869 788 2127 853 vinculo
2175 789 2601 851 retinerentur
2649 808 2728 851 ne
2775 792 3068 872 caperent

690 914 853 977 quae
882 958 887 964 ,
914 915 1075 980 opus
1122 900 1349 959 essent.
1415 894 1501 957 Et
1548 893 1696 959 vide
1742 914 1940 978 quam
1985 900 2154 957 recte
2198 914 2367 957 nunc
2415 892 2677 957 demum
2723 896 3071 977 sequantur

690 1000 753 1063 ἐν
809 1002 978 1078 μέσῳ
1040 1002 1167 1076 γὰρ
1234 1000 1339 1073 ἤδη
1407 1007 1607 1063 κεῖται
1674 1003 1884 1061 ταῦτα
1931 998 2194 1075 τοὶγαθα
2238 992 2404 1062 ἆθλα
2454 998 2726 1076 δπότεροι
2775 996 2852 1061 ἂν
2902 1001 3068 1074 ἡμῶν

690 1100 900 1181 ἄνδρες
964 1107 1275 1180 ἀμείνονες
1338 1100 1499 1182 ὦσιν,
1565 1124 1729 1188 quae
1787 1105 1980 1168 verba
2043 1102 2122 1167 ad
2187 1102 2457 1181 ὑποψίαν
2509 1102 2826 1187 quomodo
2877 1105 3067 1188 perti-

690 1212 913 1285 neant,
962 1229 1067 1273 me
1116 1209 1377 1293 quidem
1424 1229 1680 1293 prorsus
1729 1208 1909 1272 latet.

786 1418 847 1487 3.
875 1421 938 1487 2.
966 1420 1073 1488 37.
1137 1431 1251 1487 τῶν
1296 1425 1357 1488 δὲ
1408 1431 1680 1503 πλευρῶν
1727 1423 2028 1501 ἑκατέρων
2075 1423 2176 1486 δύο
2237 1425 2333 1485 τὼ
2397 1423 2828 1499 πρεσβυτάτω
2892 1446 3072 1501 στρα-

692 1532 879 1603 τηγὼ
931 1529 1379 1603 ἐπιμελοίσθην.
1431 1528 1537 1593 Sic
1586 1526 1866 1594 Cobetus
1905 1528 2108 1593 edidit
2143 1530 2369 1591 invitis
2409 1528 2730 1593 codicibus
2770 1530 2882 1611 qui
2930 1529 3076 1591 τῶν

697 1632 1175 1709 πρεσβυτάτων
1224 1634 1523 1697 exhibent
1568 1654 1821 1710 omnes,
1872 1639 2264 1709 στρατηγῶν
2302 1635 2580 1717 partim,
2620 1635 2858 1717 partim
2897 1655 3079 1710 στρα-

695 1760 820 1813 τηγ
841 1739 926 1802 ol.
999 1736 1312 1804 Cobetum
1374 1739 1501 1803 fere
1564 1740 1771 1803 secuti
1815 1745 1967 1802 sunt
2011 1737 2244 1822 reliqui
2289 1738 2593 1814 editores3
2645 1737 2813 1821 quod
2855 1739 3077 1801 miror.
3125 1803 3130 1809 ,

694 1842 983 1907 Fuerunt
1028 1846 1197 1908 enim
1242 1851 1492 1928 praeter
1538 1841 2000 1929 Chirisophum
2036 1850 2104 1909 et
2140 1842 2631 1929 Xenophontem
2671 1848 2738 1907 et
2773 1842 3082 1906 Timasiu-

693 1969 844 2013 nem
880 1957 1135 2033 quatuor
1173 1956 1489 2035 praetores
1509 1998 1525 2028 ‚
1568 1950 2006 2035 Sophaenetus
2025 1999 2041 2028 ,
2085 1948 2409 2014 Philesius
2448 1948 2537 2029 (5.
2565 1947 2626 2012 3.
2661 1949 2748 2028 1),
2790 1946 3077 2024 Cleanor,

696 2053 1066 2119 Xanthicles
1127 2054 1216 2135 (3.
1252 2056 1308 2118 1.
1335 2057 1470 2136 47),
1535 2076 1808 2140 quorum
1871 2055 2029 2117 binis
2085 2054 2384 2118 dextrum
2427 2054 2600 2118 latus
2643 2074 2832 2118 curae
2879 2053 3080 2117 fuisse

695 2162 935 2242 opinor,
999 2159 1157 2221 binis
1211 2162 1567 2223 sinistrum.
1618 2160 1822 2225 Verba
1872 2166 2091 2225 autem
2139 2159 2238 2223 δύο
2286 2161 2383 2223 τὼ
2435 2158 2848 2238 πρεσβυτάτω
2896 2182 3082 2236 στρα-

700 2266 871 2338 τηγώ
935 2263 1010 2327 de
1058 2265 1280 2326 duobus
1325 2266 1724 2348 praetoribus
1770 2266 1935 2328 mihi
1983 2265 2284 2330 videntur
2331 2264 2498 2328 dicta
2518 2313 2534 2342 ,
2583 2284 2858 2348 quorum
2904 2284 3082 2348 prae-

698 2374 914 2431 torum
974 2368 1241 2448 sinqulos
1306 2372 1562 2453 utrique
1604 2369 1793 2433 lateri
1840 2372 2140 2454 praeponi
2179 2369 2536 2455 Xenophon
2575 2369 2871 2434 voluerit.
2934 2368 3079 2454 Ego

698 2473 905 2557 igitur
964 2474 1254 2537 codicum
1314 2474 1589 2559 pluralia
1654 2482 1770 2539 τῶν
1831 2477 2276 2553 πρεσβυτάτων
2345 2483 2707 2554 στρατηγῶν
2772 2474 3081 2539 servanda

699 2578 932 2642 iudico·

795 2795 857 2862 3.
884 2798 945 2862 4.
974 2797 1081 2863 28.
1144 2801 1269 2864 ἀπὸ
1326 2803 1430 2864 τοῦ
1479 2799 1681 2878 τρίτου
1731 2789 2016 2880 γηλόφου
2063 2795 2262 2874 ἔδοξεν
2313 2800 2525 2870 αὐτοῖς
2572 2800 2660 2875 μὴ
2710 2805 2890 2862 κινεῖν
2935 2797 3078 2868 τοὺς

702 2908 1089 2980 στρατιώτας
1153 2907 1287 2980 πρὶν
1350 2906 1475 2967 ἀπὸ
1542 2913 1653 2978 τῆς
1719 2904 1926 2978 δεξιᾶς
1976 2909 2252 2983 πλευροῖς
2301 2911 2405 2969 τοῦ
2459 2906 2751 2968 πλαισίου
2797 2905 3084 2980 ἀνήγα-

703 3032 841 3084 γον
911 3011 1281 3079 πελταστὰς
1354 3011 1499 3088 πρὸς
1570 3011 1639 3071 τὸ
1702 3009 1845 3088 ὄρος.
1920 3009 2352 3076 Indicativum
2398 3012 2721 3086 ἀνήγαγον
2766 3011 3082 3083 vitiosum

674 3105 877 3199 'put0.
944 3112 1161 3178 Oratio
1224 3122 1395 3180 recta
1458 3118 1631 3179 enim
1692 3116 1818 3179 fuit
1882 3119 1968 3191 μὴ
2036 3122 2291 3191 κινῶμεν
2343 3162 2356 3179 .
2387 3163 2402 3180 .
2433 3163 2447 3179 .
2481 3162 2530 3192 .,
2582 3116 2715 3192 πρὶν
2781 3112 2870 3178 ἂν
2923 3162 2937 3177 .
2969 3161 2984 3177 .
3015 3161 3031 3176 .
3062 3160 3075 3176 .

700 3220 821 3282 οἴνα
842 3243 883 3292 γ
908 3219 951 3281 οὶ
968 3242 1010 3293 y
1032 3243 1074 3281 ω
1093 3245 1141 3291 μ
1162 3245 1189 3281 ε
1209 3245 1236 3280 ν
1253 3268 1269 3297 ,
1340 3223 1409 3282 in
1478 3221 1762 3284 oratione
1831 3220 2091 3305 obliqua
2157 3226 2377 3285 autem
2437 3219 2903 3286 Coniunctivus
2967 3225 3081 3282 aut

700 3329 990 3388 servatus
1056 3329 1152 3388 est
1210 3332 1321 3388 aut
1384 3327 1574 3389 cessit
1620 3323 1925 3409 Optativo
1974 3326 2232 3410 obliquo
2279 3329 2391 3410 qui
2436 3326 2688 3402 dicitur,
2735 3324 3082 3389 Indicativi

700 3449 853 3492 vero
921 3428 1099 3493 locus
1169 3429 1294 3492 fuit
1362 3429 1580 3493 nullus
1612 3429 1680 3508 1).
1751 3430 1974 3514 Itaque
2044 3431 2477 3514 reponendum
2547 3432 3078 3506 οὶναγοὶγοιεν.

700 3531 1015 3617 Exempla
1074 3533 1366 3617 Optativi
1427 3541 1491 3598 et
1551 3533 1894 3598 Indicativi
1941 3536 2344 3598 confusorum
2391 3538 2584 3598 etiam
2629 3533 3081 3618 Xenophontei

703 3637 946 3706 codices
992 3639 1293 3721 praebent
1311 3659 1327 3716 3
1379 3639 1588 3704 veluti
1639 3640 1697 3702 l.
1727 3638 1853 3703 3.1
1902 3639 2127 3725 Hugio
2174 3645 2238 3704 et
2277 3639 2420 3703 aliis
2458 3639 2702 3724 placuit
2741 3639 2910 3724 quod
2951 3659 3082 3703 una

700 3741 977 3806 Parisini
1039 3743 1269 3807 codicis
1333 3746 1565 3828 optimi
1625 3766 1720 3829 pr.
1771 3765 1860 3808 m.
1913 3747 2228 3822 servavit,
2279 3745 2602 3824 ἄρξαιντο,
2651 3766 2800 3809 cum
2845 3743 3082 3828 reliqui

700 3847 941 3913 codices
987 3848 1259 3912 habeant
1298 3850 1558 3927 ἤρξατο,
1608 3855 1673 3914 et
1720 3850 1782 3913 4.
1812 3849 1873 3914 5.
1906 3850 1989 3914 10
2027 3853 2096 3913 in
2135 3850 2456 3914 codicibus
2495 3856 2592 3913 est
2635 3854 2697 3914 et
2741 3849 3080 3928 πορεύοιντο
3167 3901 3172 3906 .

701 3957 766 4018 et
813 3955 1183 4029 πορεύονται.
1234 3953 1456 4038 Neque
1502 3953 1786 4018 alienum
1833 3957 1955 4018 erit
1992 3955 2270 4019 conferre
2315 3953 2374 4018 ¹7.
2405 3951 2465 4019 ’7.
2494 3951 2600 4032 57,
2646 3956 2755 4019 ubi
2792 3975 2906 4040 pro
2944 3955 3081 4031 πρὶν

702 4060 1040 4134 ἀπαγάγοι
1104 4061 1171 4121 in
1233 4062 1476 4143 opt-imo
1535 4058 1826 4123 Parisino
1884 4058 2131 4144 legitur
2195 4061 2330 4138 πρὶν
2379 4059 2456 4123 ἂν
2504 4061 2848 4138 οέπαγοὶγῃ.
2919 4058 3086 4122 Reh-

672 4402 677 4406 .
773 4337 823 4398 1)
857 4334 1151 4384 Rehdantzio
1179 4337 1307 4382 certe
1340 4332 1417 4382 vel
1456 4333 1722 4383 Carnuthio
1756 4349 1851 4382 non
1887 4332 2028 4380 credo
2061 4332 2131 4381 ita
2165 4332 2508 4398 interpretato:
2551 4327 2835 4394 ,ἀνήγαγον
2867 4334 2932 4378 st.
2961 4326 3086 4378 ἀνα·

700 4414 925 4478 γάγοιεν,
976 4415 1083 4462 weil
1132 4413 1257 4464 Xen.
1304 4415 1381 4464 die
1426 4415 1667 4477 Wirkung
1713 4415 1794 4462 des
1839 4409 2002 4478 ’ἔδοξεν
2048 4411 2127 4460 αὖ.
2175 4413 2244 4474 μὴ
2294 4415 2454 4469 κινεῖν,
2501 4429 2548 4462 n.
2599 4410 2684 4460 οὐκ
2733 4409 2978 4470 ἐκίνησαν,
3011 4411 3080 4458 im

704 4498 852 4547 Sinne
884 4494 1021 4548 Ιιιη.η
