3351 5463
1287 405 1655 454 1661611166.
1710 473 1715 479 ¹
2241 470 2243 474 Ι
2535 386 2665 456 317

284 568 500 651 potuit
557 573 727 634 certe
790 574 980 656 poeta
1040 569 1493 656 coniungere’'.
1561 568 1907 636 Vinculum
1966 590 2091 656 quo
2139 573 2499 637 continetur
2543 572 2666 638 hoc

286 679 745 758 argumentum
792 695 941 740 cum
990 661 1271 761 reliquis
1301 675 1487 741 facile
1534 678 1920 760 perspicitur
1963 677 2081 742 hoc
2127 697 2262 744 esse
2281 725 2296 754 ,
2348 677 2520 762 quod
2568 678 2669 743 (16-

287 783 683 844 monstratur
715 780 1061 865 primordia
1086 801 1221 846 esse
1249 780 1493 872 „solida
1515 780 1826 866 pollentia
1849 781 2305 866 simplicitate’'
2334 787 2456 862 (vs.
2486 779 2664 863 574).

288 881 381 948 of.
447 905 611 968 quae
671 885 910 951 Munro
972 907 1052 951 ex
1111 885 1411 952 Newtoni
1473 885 1720 970 Opticis
1779 886 2019 951 adtulit
2079 886 2158 951 ad
2204 887 2375 952 hunc
2420 887 2659 952 locum.

286 989 376 1053 Re
422 1011 577 1056 vera
624 993 678 1056 si
725 995 924 1057 atomi
970 997 1123 1056 sunt
1167 992 1393 1069 durae,
1441 1013 1567 1057 non
1611 995 1747 1056 iam
1793 1013 1898 1076 seq
1910 994 2084 1056 uitur
2121 997 2196 1056 ut
2243 994 2371 1057 sint
2420 991 2666 1069 „solida

287 1094 595 1180 pollentes
657 1096 1140 1183 simplicitate'',
1204 1097 1315 1164 sed
1358 1097 1521 1162 hanc
1568 1098 1649 1162 ob
1697 1095 1954 1164 causam
2001 1102 2400 1182 postremum
2444 1097 2664 1162 locum

287 1200 437 1265 haec
498 1209 885 1288 argumenta
942 1204 1212 1288 physica
1270 1204 1559 1269 obtinent
1618 1204 1688 1266 in
1748 1204 1908 1268 serie
1969 1207 2505 1288 argumentorum
2523 1250 2539 1279 ‚
2589 1206 2664 1267 ut

284 1327 429 1370 cum
490 1299 1019 1392 praecedentibus.
1072 1301 1562 1394 coniungantur,
1630 1307 1801 1392 quod
1863 1309 1920 1372 si
1965 1307 2038 1372 fit
2082 1310 2215 1373 iam
2261 1310 2550 1392 sequitur
2591 1306 2660 1372 id

280 1411 448 1495 quod
496 1411 1062 1478 demonstrandum
1102 1419 1256 1479 erat.
1301 1413 1525 1498 Itaque
1564 1411 1744 1476 116116
1781 1418 1988 1476 exstat
2024 1433 2214 1478 causa
2250 1432 2410 1499 quae
2449 1413 2669 1478 iubeat

277 1518 625 1602 quicquam
687 1521 961 1596 mutari3
1026 1518 1135 1584 sed
1197 1509 1363 1584 mihi
1423 1518 1728 1584 videntur
1787 1520 1856 1582 in
1904 1522 2087 1583 textu
2133 1520 2473 1584 incisiones
2520 1516 2665 1584 aliis

275 1619 433 1686 locis
496 1643 632 1688 esse
692 1623 1014 1697 faciendae
1075 1627 1268 1708 atque
1329 1623 1592 1688 Lachm.
1620 1622 1806 1690 Bern.
1834 1622 2052 1695 Munr.
2077 1622 2294 1709 Brieg.
2343 1623 2663 1700 fecerunt,

276 1731 357 1790 ut
413 1747 607 1812 supra
668 1730 802 1793 iam
864 1727 1261 1814 significavi,
1323 1710 1568 1794 scilicet
1629 1749 1723 1795 vs.
1777 1727 1910 1793 540
1975 1729 2332 1805 Praeterea,
2385 1748 2479 1796 vs.
2531 1725 2660 1793 565

278 1831 417 1895 Huc
464 1832 712 1910 accedit,
763 1854 857 1899 vs.
911 1831 1042 1899 599
1097 1834 1241 1898 Tum
1274 1856 1487 1916 porro.

370 1936 511 2002 Hoc
572 1941 704 2003 iam
766 1938 1040 2007 adiciam
1102 1939 1229 2005 duo
1276 1938 1393 2004 illa
1438 1943 1561 2018 (vs.
1614 1936 1832 2002 565-
1827 1935 1993 2015 5¹76,
2049 1934 2432 2019 577-583)
2479 1959 2665 2025 argu-

284 2050 497 2108 menta
557 2046 625 2107 in
686 2044 1065 2132 fragmentis
1127 2045 1461 2130 Epicureis
1523 2066 1692 2108 nunc
1741 2043 2001 2128 quidem
2048 2065 2173 2108 non
2221 2050 2502 2121 exstare,
2553 2044 2661 2109 sed

286 2152 495 2213 tamen
536 2149 826 2215 eiusdem
864 2149 1233 2236 philosophi
1269 2171 1403 2216 esse
1422 2199 1437 2227 ,
1472 2171 1626 2216 cum
1665 2154 2049 2236 argumenta
2086 2169 2244 2233 quae
2281 2149 2664 2214 antecedunt

292 2260 351 2318 et
408 2274 570 2339 quae
632 2260 988 2340 sequuntur
1046 2276 1125 2322 ex
1188 2255 1302 2324 illo
1364 2258 1492 2320 sint
1554 2258 1814 2340 sumpta
1861 2261 1926 2319 et
1973 2275 2046 2319 ea
2092 2254 2455 2340 fragmenta
2499 2275 2659 2339 quae

294 2365 535 2424 servata
580 2365 729 2424 sunt
774 2360 961 2426 facile
1007 2361 1241 2426 ducant
1285 2361 1366 2425 ad
1413 2381 1486 2425 ea
1532 2381 1694 2445 quae
1739 2381 1908 2425 nunc
1949 2359 2418 2425 desiderantur:
2468 2358 2656 2446 Diog.

290 2461 355 2526 L.
417 2463 501 2542 X,
554 2463 675 2528 54:
746 2466 955 2540 ἐπειδή
1000 2485 1133 2545 ’περ
1197 2466 1295 2531 δεῖ
1353 2488 1410 2529 τι
1478 2464 1799 2542 ὑπομένειν
1865 2466 1925 2530 ἐν
1988 2473 2128 2536 ταῖς
2176 2462 2494 2529 διαλύσεσι
2542 2471 2658 2528 τῶν

295 2569 655 2650 συγκρίσεων
702 2573 1035 2651 στερεὸν
1083 2570 1189 2636 και)
1238 2571 1590 2640 ἀδιάλυτον.

378 3041 425 3121 Ι,
470 3044 597 3114 871
647 3050 715 3112 in
760 3048 959 3135 lignis
1008 3050 1064 3113 si
1110 3047 1371 3113 flamma
1414 3047 1573 3113 latet
1618 3049 1966 3135 fumusque
2013 3052 2296 3135 cinisque

641 3174 719 3219 ex
765 3153 1143 3240 alienigenis
1190 3156 1538 3219 consistant
1582 3154 1764 3241 ligna
1811 3161 2140 3220 necessest.

460 3255 589 3323 8¹73
637 3265 960 3345 praeterea
1006 3257 1198 3324 tellus
1245 3280 1406 3343 quae
1452 3280 1712 3345 corpora
1758 3280 2031 3345 cumque
2079 3259 2228 3337 alit,
2277 3268 2474 3379 auget

640 3385 717 3429 ex
766 3364 1178 3451 alienigenis,
1228 3386 1388 3449 quae
1434 3364 1633 3451 lignis
1683 3368 1995 3441 oriuntur,

369 3463 469 3530 Ita
533 3468 745 3547 codd&
810 3470 1071 3535 Lachm.
1136 3490 1296 3555 quae
1343 3470 1702 3551 alienigenis
1750 3473 2090 3548 oriuntur3
2143 3469 2236 3536 M.
2288 3472 2472 3559 liquis
2517 3474 2652 3551 his,

286 3564 391 3634 Bo.
439 3571 629 3653 nynia
672 3574 828 3657 ique.

366 3673 633 3763 Brieger
702 3701 869 3745 vsm.
933 3678 1064 3748 873
1134 3685 1528 3768 transposuit
1598 3688 1744 3747 ante
1814 3703 1980 3749 vsm.
2051 3679 2184 3747 870
2246 3687 2310 3746 et
2370 3682 2651 3763 seclusit.

289 3797 377 3842 vs.
441 3779 572 3847 8¹74
646 3807 759 3872 pro
830 3787 1106 3851 oriuntur
1177 3807 1326 3852 cum
1396 3788 1532 3853 cod.
1608 3788 1776 3853 Flor.
1846 3787 1926 3853 31
1998 3787 2201 3874 legit:
2281 3789 2650 3855 moriuntur.

292 3878 461 3985 Idem
503 3888 632 3953 iam
675 3890 1025 3957 Lambinus
1069 3892 1268 3979 legit:

506 4008 509 4012 ’
637 4017 712 4061 ex
760 3997 1136 4085 alienigenis
1183 4001 1526 4065 consistant
1568 3994 1752 4085 ligna
1795 4005 2138 4077 necessest,
2229 3990 2238 3999 ’

636 4122 712 4166 ex
758 4103 1131 4190 alienigenis
1149 4153 1166 4183 ‚
1216 4126 1375 4190 quae
1419 4105 1618 4193 lignis
1657 4108 2051 4183 exoriuntur,

288 4196 391 4259 sed
435 4198 665 4285 Munro
714 4209 1059 4275 absurdum
1102 4209 1417 4279 iudicavit
1441 4210 1513 4292 1).
1632 4204 1641 4212 ”

341 4476 385 4535 l)
421 4479 607 4531 ,11111611
644 4500 789 4537 seems
823 4489 1046 4540 absurd”.
