3351 5463
2856 311 2896 346 0

637 391 769 456 214
1314 408 1521 456 conex
1568 407 1802 455 numu
1845 406 2338 454 DORVILLIANUS.

637 579 784 638 tuae
845 574 1143 640 lacrimae
1203 572 1581 657 proluerunt
1641 593 1770 635 non
1837 575 1988 634 sunt
2034 575 2173 635 tota
2219 571 2509 635 dentium
2557 569 2824 635 uulnera
2843 617 2860 646 ‚
2910 566 3026 632 sed

636 678 853 744 lancea
919 678 1077 742 mali
1146 677 1410 743 trassilli
1479 698 1584 741 me
1653 677 1774 742 tibi
1846 677 1971 742 fuit
2033 676 2314 742 alienum
2379 681 2445 740 et
2507 675 2750 740 addidit
2809 680 3026 740 cetera

586 867 591 872 ⁸
634 805 893 849 omnem
938 783 1300 867 audiensque
1345 791 1607 847 scenam
1644 781 1898 846 sceleris
1939 781 2285 846 illuminat.
2335 779 2429 846 At
2465 781 2578 846 illa
2615 786 2691 845 ut
2727 784 3024 865 primum

635 894 841 952 mesta
902 891 1013 972 qui
1075 894 1291 952 euerat
1338 888 1521 953 thoro
1569 888 1801 951 faciem
1845 889 2158 971 impressa
2204 909 2324 950 non
2370 887 2686 951 dormiens
2732 886 3026 950 lacrimis

636 995 1079 1059 emanantibus
1138 1014 1335 1078 genas
1399 993 1817 1057 chohumidat
1879 998 1944 1056 et
2001 991 2188 1056 uelut
2235 992 2511 1076 quodam
2556 996 2878 1057 tormento
2928 994 3026 1054 in-

634 1103 851 1185 quieta
908 1101 1111 1183 quieti
1174 1119 1438 1162 excussu
1497 1097 1680 1161 luctu
1742 1100 2134 1184 reintegrato
2181 1097 2509 1183 prolixum
2555 1097 2757 1162 eiulat
2801 1099 3030 1160 descis-

634 1226 827 1290 saque
871 1203 1147 1268 interula
1194 1203 1419 1268 decora
1464 1203 1722 1268 brachia
1767 1205 2010 1267 decoras
2049 1226 2237 1284 yenas
2275 1205 2670 1268 seuientibus
2710 1203 3024 1289 palmulis

634 1311 1065 1375 conuerberat.

723 1422 871 1502 post
930 1437 1375 1502 praegressum
1434 1437 1619 1496 ,qenas
1682 1415 1862 1481 nullo
1927 1415 2210 1500 epitheto
2272 1417 2487 1481 addito
2508 1465 2525 1494 ‚
2590 1437 2750 1501 quae
2797 1416 3028 1502 procul

512 1561 520 1568 ·
634 1523 827 1590 dubio
874 1525 1117 1588 sincera
1160 1522 1351 1588 lectio
1398 1528 1491 1585 est
1523 1521 1589 1600 ¹),
1638 1521 1778 1586 cod.
1828 1522 2026 1607 Neap.
2076 1526 2382 1608 repetiuit
2427 1526 2671 1586 decoras
2709 1546 2918 1603 yeme.

725 1757 983 1838 Neapol.
1032 1753 1268 1824 CLXII
1327 1759 1397 1819 in
1442 1758 1649 1841 priore
1695 1756 1834 1820 loco
1880 1759 2013 1821 vix·
2041 1759 2383 1840 quicquam
2431 1756 2623 1821 habet
2671 1756 3021 1842 peculiare.

635 1862 869 1927 Scribit
928 1866 1181 1926 autem:
1244 1863 1547 1924 <succubuit
1597 1897 1682 1910 --
1731 1862 1935 1944 hylari
1986 1898 2071 1910 -—-
2119 1861 2391 1924 obediens
2448 1867 2518 1924 ut
2563 1862 2877 1924 iubebatur
2931 1898 3020 1910 --

634 1969 839 2031 numia
899 1991 1108 2031 rursus
1164 1968 1231 2030 in
1281 1975 1525 2048 pectore
1572 2005 1655 2015 —-
1709 1975 1766 2030 et
1825 1967 1954 2030 dies
2001 1973 2267 2051 totasque
2313 1975 2507 2030 noctes
2553 2005 2639 2036 ,-
2679 1968 3026 2050 ymayinem

634 2097 808 2159 quam
855 2110 939 2122 -
986 2076 1114 2155 ipso
1161 2095 1285 2136 sese
1328 2110 1413 2120 -
1468 2073 1766 2136 Trasillus
1811 2095 1952 2135 uero
1987 2095 2280 2155 praeceps
2324 2079 2383 2136 et
2432 2074 2798 2136 temerarius.

726 2297 793 2358 in
852 2293 992 2358 loco
1056 2291 1253 2358 altero
1299 2293 1455 2357 haec
1502 2294 1631 2358 fere
1680 2293 2121 2358 obseruatione
2169 2293 2400 2378 digna:
2447 2298 2630 2355 mesta
2678 2293 3024 2376 quaesierat

644 2436 725 2449 --
769 2401 934 2462 thoro
978 2399 1217 2484 faciem
1278 2399 1566 2481 impressa
1613 2405 1670 2461 et
1714 2398 1836 2461 iam
1883 2423 2041 2461 nunc
2087 2399 2382 2462 dormiens
2429 2397 2696 2460 lacrimis
2741 2419 3026 2461 emanan-
3088 2457 3098 2461 -

637 2506 792 2568 tibus
846 2528 1035 2585 ⁸qemw
1095 2505 1392 2568 comuidat
1450 2511 1513 2568 et
1570 2503 1755 2568 uelut
1800 2505 2075 2590 quodam
2121 2509 2436 2569 tormento
2480 2506 2770 2587 inquieta
2814 2505 3028 2588 quieti

636 2633 897 2676 excussa
959 2611 1389 2696 redintegrata
1434 2609 1620 2674 luctu
1658 2611 1986 2695 prolixum
2037 2610 2253 2674 eiulat.
2306 2611 2690 2694 discissaque
2737 2609 3026 2674 interula

636 2716 857 2782 decora
918 2717 1171 2781 brachia
1212 2716 1605 2782 seuientibus
1649 2723 1706 2779 et
1751 2722 1945 2780 cetera
1995 2717 2244 2779 membra
2290 2714 2598 2800 palmulis
2645 2716 3021 2781 verberabat.

723 2932 1033 3014 Neapolit.
1076 2930 1473 2998 GOGLXIII.
1516 2931 1861 2996 subcubuit
1900 2932 2097 2996 uultu
2135 2954 2260 2997 non
2298 2931 2526 3018 hylaro
2566 2953 2796 2997 uerum
2821 2932 3020 3018 paulo

636 3040 944 3102 sereniore
1015 3037 1311 3101 obediens
1379 3042 1454 3101 ut
1519 3038 1863 3101 iubebatur
1931 3040 2298 3103 inuentium
2368 3040 2588 3101 munia
2655 3059 2877 3102 rursus
2947 3042 3018 3102 in

636 3148 883 3227 pectore
930 3164 1083 3227 ymo
1130 3162 1285 3207 uero
1332 3144 1589 3227 penitus
1634 3144 1704 3206 in
1750 3142 2052 3207 medullis
2092 3142 2276 3206 luctu
2323 3162 2394 3207 ac
2433 3162 2678 3207 merore
2718 3144 3020 3228 carpebat

636 3250 946 3312 animum.
999 3249 1132 3311 dies
1181 3254 1346 3312 totos
1388 3252 1685 3333 totasque
1721 3253 1936 3312 noctes
1972 3248 2333 3312 insumebat
2370 3246 2662 3311 luctuoso
2705 3246 3022 3314 desiderio

637 3360 700 3417 et
760 3356 1136 3439 ymaginem
1209 3374 1401 3437 quam
1472 3354 1551 3418 ad
1610 3354 1908 3417 habitum
1970 3354 2072 3417 dei
2131 3352 2317 3417 liberi
2379 3352 2771 3416 formauerat
2831 3354 3025 3419 affixo

639 3462 903 3523 seruitio
952 3458 1192 3523 divinis
1241 3458 1593 3543 percellens
1640 3458 1988 3522 honoribus
2035 3462 2174 3543 ipso
2223 3478 2356 3522 sese
2404 3457 2628 3521 solatio
2675 3458 3024 3524 cruciabat.

636 3562 991 3628 Trhasillus
1036 3584 1188 3627 uero
1234 3584 1532 3649 praeceps
1582 3569 1646 3628 et
1694 3565 2068 3627 temerarius
2125 3570 2233 3626 cet.

728 3778 927 3846 altero
975 3779 1153 3844 loco:

728 3885 925 3947 etiam
991 3905 1161 3948 nunc
1233 3883 1575 3949 dormiens.
1646 3884 1944 3949 lacrimas
2014 3883 2459 3948 emanantibus
2526 3884 2768 3946 decoras
2831 3907 3026 3964 ,aenae

637 3988 905 4050 contudit
950 3994 1014 4051 et
1055 3988 1240 4053 velut
1290 3989 1566 4072 quodam
1612 3991 1930 4052 tormento
1974 3989 2262 4072 inquieta
2309 3989 2512 4072 quieti
2567 4008 2829 4052 excussa
2882 3989 3026 4054 red-

634 4093 956 4176 integrato
1017 4091 1201 4157 luctu
1265 4093 1589 4178 prolixum
1650 4090 1919 4179 heyulat
1944 4139 1960 4168 ‚
2026 4093 2412 4176 discissaque
2473 4092 2755 4157 interula
2800 4096 3023 4158 decora

636 4198 880 4260 brachia
960 4198 1323 4261 sortientibus
1382 4199 1683 4279 palmulis
1750 4198 2118 4262 verberabat.
2207 4198 2378 4279 Quod
2444 4197 2696 4261 audiens
2775 4199 3025 4264 Charite

706 4485 761 4548 1)
795 4484 866 4533 cf.
902 4470 1023 4547 'quae
1056 4482 1224 4548 scripsi
1260 4485 1495 4533 Mnemon.
1534 4484 1681 4533 1895.
1715 4499 1760 4547 p.
1797 4482 1912 4535 197.

2162 5149 2359 5168 *-

1166 5197 2055 5435 A
