<?xml version="1.0" encoding="UTF-8"?>
<!DOCTYPE html PUBLIC "-//W3C//DTD XHTML 1.0 Transitional//EN"
    "http://www.w3.org/TR/xhtml1/DTD/xhtml1-transitional.dtd">
<html xmlns="http://www.w3.org/1999/xhtml" xml:lang="en" lang="en">
 <head>
  <title>
</title>
<meta http-equiv="Content-Type" content="text/html;charset=utf-8" />
  <meta name='ocr-system' content='tesseract 3.04.00' />
  <meta name='ocr-capabilities' content='ocr_page ocr_carea ocr_par ocr_line ocrx_word'/>
</head>
<body>
  <div class='ocr_page' id='page_1' title='image "./mnemosynevolume04verdgoog_0448.png"; bbox 0 0 3351 5463; ppageno 0'>
   <div class='ocr_carea' id='block_1_1' title="bbox 679 374 2598 451">
    <p class='ocr_par' dir='ltr' id='par_1_1' title="bbox 679 374 2598 451">
     <span class='ocr_line' id='line_1_1' title="bbox 679 374 2598 451; baseline 0 -12"><span class='ocrx_word' id='word_1_1' title='bbox 679 374 812 440; x_wconf 85' lang='lat'><strong>438</strong></span> <span class='ocrx_word' id='word_1_2' title='bbox 1144 394 1231 440; x_wconf 67' lang='lat' dir='ltr'><strong>An</strong></span> <span class='ocrx_word' id='word_1_3' title='bbox 1278 391 1481 441; x_wconf 74' lang='lat' dir='ltr'><strong>cAssn</strong></span> <span class='ocrx_word' id='word_1_4' title='bbox 1524 392 1737 441; x_wconf 71' lang='lat' dir='ltr'><strong>monis</strong></span> <span class='ocrx_word' id='word_1_5' title='bbox 1785 391 2200 451; x_wconf 64' lang='lat' dir='ltr'><strong>zonARAthm</strong></span> <span class='ocrx_word' id='word_1_6' title='bbox 2244 391 2598 441; x_wconf 66' lang='lat' dir='ltr'><strong>ins-ronne.</strong></span> 
     </span>
    </p>
   </div>
   <div class='ocr_carea' id='block_1_2' title="bbox 672 556 3068 2121">
    <p class='ocr_par' dir='ltr' id='par_1_2' title="bbox 674 556 3068 1168">
     <span class='ocr_line' id='line_1_2' title="bbox 677 556 3066 639; baseline 0 -17"><span class='ocrx_word' id='word_1_7' title='bbox 677 557 785 623; x_wconf 78' lang='grc' dir='ltr'><strong><em>καὶ</em></strong></span> <span class='ocrx_word' id='word_1_8' title='bbox 832 560 920 623; x_wconf 82' lang='grc' dir='ltr'><strong><em>τά</em></strong></span> <span class='ocrx_word' id='word_1_9' title='bbox 968 558 1352 625; x_wconf 69' lang='grc' dir='ltr'><strong><em>ἀτοπώτατα</em></strong></span> <span class='ocrx_word' id='word_1_10' title='bbox 1400 558 1664 630; x_wconf 78' lang='grc' dir='ltr'><strong><em>εὐκόλως</em></strong></span> <span class='ocrx_word' id='word_1_11' title='bbox 1711 556 2002 639; x_wconf 77' lang='grc' dir='ltr'><strong><em>φέροντες</em></strong></span> <span class='ocrx_word' id='word_1_12' title='bbox 2051 559 2112 622; x_wconf 74' lang='grc' dir='ltr'><strong><em>ἐν</em></strong></span> <span class='ocrx_word' id='word_1_13' title='bbox 2157 556 2347 623; x_wconf 78' lang='grc' dir='ltr'><strong><em>οὐδενὶ</em></strong></span> <span class='ocrx_word' id='word_1_14' title='bbox 2397 558 2566 639; x_wconf 78' lang='grc' dir='ltr'><strong><em>δεινῷ</em></strong></span> <span class='ocrx_word' id='word_1_15' title='bbox 2613 558 3066 634; x_wconf 75' lang='grc' dir='ltr'><strong><em>καθεστηκέναι</em></strong></span> 
     </span>
     <span class='ocr_line' id='line_1_3' title="bbox 678 663 3068 747; baseline 0.001 -19"><span class='ocrx_word' id='word_1_16' title='bbox 678 664 1034 747; x_wconf 76' lang='grc' dir='ltr'><strong><em>νομίζουσιν,</em></strong></span> <span class='ocrx_word' id='word_1_17' title='bbox 1097 667 1150 730; x_wconf 74' lang='grc' dir='ltr'><strong>οἱ</strong></span> <span class='ocrx_word' id='word_1_18' title='bbox 1199 665 1262 731; x_wconf 77' lang='grc' dir='ltr'><strong>δὲ</strong></span> <span class='ocrx_word' id='word_1_19' title='bbox 1310 664 1415 729; x_wconf 68' lang='grc' dir='ltr'><strong><em>καὶ</em></strong></span> <span class='ocrx_word' id='word_1_20' title='bbox 1440 671 1593 736; x_wconf 71' lang='grc' dir='ltr'><strong><em>τοῖς</em></strong></span> <span class='ocrx_word' id='word_1_21' title='bbox 1640 663 2095 746; x_wconf 67' lang='grc' dir='ltr'><strong>ἐλαφροτάτοις</strong></span> <span class='ocrx_word' id='word_1_22' title='bbox 2139 663 2541 745; x_wconf 78' lang='grc' dir='ltr'><strong><em>βαρυνόμενοι</em></strong></span> <span class='ocrx_word' id='word_1_23' title='bbox 2594 664 2810 730; x_wconf 86' lang='grc' dir='ltr'><strong><em>πάντα</em></strong></span> <span class='ocrx_word' id='word_1_24' title='bbox 2856 665 2942 730; x_wconf 81' lang='grc' dir='ltr'><strong><em>τά</em></strong></span> <span class='ocrx_word' id='word_1_25' title='bbox 2993 665 3068 742; x_wconf 73' lang='grc' dir='ltr'><strong>ἐξ</strong></span> 
     </span>
     <span class='ocr_line' id='line_1_4' title="bbox 674 768 3060 850; baseline 0.001 -16"><span class='ocrx_word' id='word_1_26' title='bbox 674 770 995 850; x_wconf 70' lang='grc' dir='ltr'><strong><em>ἀνθρώπων</em></strong></span> <span class='ocrx_word' id='word_1_27' title='bbox 1058 771 1227 836; x_wconf 78' lang='grc' dir='ltr'><strong><em>κακοὶ</em></strong></span> <span class='ocrx_word' id='word_1_28' title='bbox 1294 768 1464 850; x_wconf 79' lang='grc' dir='ltr'><strong><em>ἔχειν</em></strong></span> <span class='ocrx_word' id='word_1_29' title='bbox 1525 769 1971 836; x_wconf 68' lang='grc' dir='ltr'><strong><em>ὑποπτεύουσι·</em></strong></span> <span class='ocrx_word' id='word_1_30' title='bbox 2039 769 2142 835; x_wconf 78' lang='grc' dir='ltr'><strong><em>καὶ</em></strong></span> <span class='ocrx_word' id='word_1_31' title='bbox 2205 768 2504 849; x_wconf 75' lang='grc' dir='ltr'><strong><em>ἕτεροι,</em></strong></span> <span class='ocrx_word' id='word_1_32' title='bbox 2552 772 2605 837; x_wconf 74' lang='grc' dir='ltr'><strong>οἱ</strong></span> <span class='ocrx_word' id='word_1_33' title='bbox 2657 771 2772 848; x_wconf 79' lang='grc' dir='ltr'><strong><em>μὲν</em></strong></span> <span class='ocrx_word' id='word_1_34' title='bbox 2816 771 2920 836; x_wconf 77' lang='grc' dir='ltr'><strong><em>καὶ</em></strong></span> <span class='ocrx_word' id='word_1_35' title='bbox 2968 772 3060 836; x_wconf 76' lang='grc' dir='ltr'><strong><em>τὰ</em></strong></span> 
     </span>
     <span class='ocr_line' id='line_1_5' title="bbox 676 874 3061 958; baseline 0 -18"><span class='ocrx_word' id='word_1_36' title='bbox 676 876 908 952; x_wconf 83' lang='grc' dir='ltr'><strong><em>άμεΙνω</em></strong></span> <span class='ocrx_word' id='word_1_37' title='bbox 952 877 1193 955; x_wconf 78' lang='grc' dir='ltr'><strong><em>κακῶς,</em></strong></span> <span class='ocrx_word' id='word_1_38' title='bbox 1234 878 1287 941; x_wconf 80' lang='grc' dir='ltr'><strong>οἱ</strong></span> <span class='ocrx_word' id='word_1_39' title='bbox 1327 876 1388 942; x_wconf 78' lang='grc' dir='ltr'><strong>δὲ</strong></span> <span class='ocrx_word' id='word_1_40' title='bbox 1429 874 1535 940; x_wconf 73' lang='grc' dir='ltr'><strong><em>καὶ</em></strong></span> <span class='ocrx_word' id='word_1_41' title='bbox 1575 875 1663 940; x_wconf 72' lang='grc' dir='ltr'><strong><em>τὰ</em></strong></span> <span class='ocrx_word' id='word_1_42' title='bbox 1701 875 1886 955; x_wconf 76' lang='grc' dir='ltr'><strong><em>χείρω</em></strong></span> <span class='ocrx_word' id='word_1_43' title='bbox 1929 881 2135 948; x_wconf 79' lang='grc' dir='ltr'><strong><em>καλῶς</em></strong></span> <span class='ocrx_word' id='word_1_44' title='bbox 2174 874 2770 958; x_wconf 74' lang='grc' dir='ltr'><strong><em>μεταχειριζόμενοι,</em></strong></span> <span class='ocrx_word' id='word_1_45' title='bbox 2795 880 3061 942; x_wconf 82' lang='grc' dir='ltr'><strong><em>τοιαῦτα</em></strong></span> 
     </span>
     <span class='ocr_line' id='line_1_6' title="bbox 679 977 3064 1062; baseline 0.001 -17"><span class='ocrx_word' id='word_1_46' title='bbox 679 983 783 1045; x_wconf 79' lang='grc' dir='ltr'><strong><em>καὶ</em></strong></span> <span class='ocrx_word' id='word_1_47' title='bbox 832 988 961 1053; x_wconf 86' lang='grc' dir='ltr'><strong><em>τοῖς</em></strong></span> <span class='ocrx_word' id='word_1_48' title='bbox 1010 979 1326 1058; x_wconf 74' lang='grc' dir='ltr'><strong><em>(ἄλλοις)</em></strong></span> <span class='ocrx_word' id='word_1_49' title='bbox 1378 979 1642 1061; x_wconf 78' lang='grc' dir='ltr'><strong><em>ἑκάτερα</em></strong></span> <span class='ocrx_word' id='word_1_50' title='bbox 1693 981 1886 1046; x_wconf 79' lang='grc' dir='ltr'><strong><em>δοκεῖν</em></strong></span> <span class='ocrx_word' id='word_1_51' title='bbox 1936 986 2200 1048; x_wconf 78' lang='grc' dir='ltr'><strong><em>ποιοῦσιν</em></strong></span> <span class='ocrx_word' id='word_1_52' title='bbox 2250 977 2349 1048; x_wconf 75' lang='grc' dir='ltr'><strong><em>οἶα</em></strong></span> <span class='ocrx_word' id='word_1_53' title='bbox 2399 983 2610 1054; x_wconf 83' lang='grc' dir='ltr'><strong><em>αὐτοῖς</em></strong></span> <span class='ocrx_word' id='word_1_54' title='bbox 2659 978 2810 1048; x_wconf 72' lang='grc' dir='ltr'><strong><em>εἶναι</em></strong></span> <span class='ocrx_word' id='word_1_55' title='bbox 2861 1007 3064 1062; x_wconf 84' lang='grc' dir='ltr'><strong><em>παρα-</em></strong></span> 
     </span>
     <span class='ocr_line' id='line_1_7' title="bbox 678 1085 1061 1168; baseline 0.008 -17"><span class='ocrx_word' id='word_1_56' title='bbox 678 1085 1061 1168; x_wconf 72' lang='grc' dir='ltr'><strong><em>σκευάζουσι.</em></strong></span> 
     </span>
    </p>

    <p class='ocr_par' dir='ltr' id='par_1_3' title="bbox 672 1190 3067 2121">
     <span class='ocr_line' id='line_1_8' title="bbox 767 1190 3060 1273; baseline 0.002 -17"><span class='ocrx_word' id='word_1_57' title='bbox 767 1193 892 1258; x_wconf 87' lang='lat' dir='ltr'><strong>Pro</strong></span> <span class='ocrx_word' id='word_1_58' title='bbox 953 1190 1139 1273; x_wconf 77' lang='grc' dir='ltr'><strong><em>ἕτεροι</em></strong></span> <span class='ocrx_word' id='word_1_59' title='bbox 1187 1192 1535 1259; x_wconf 80' lang='lat' dir='ltr'><strong>admodum</strong></span> <span class='ocrx_word' id='word_1_60' title='bbox 1581 1195 1720 1259; x_wconf 85' lang='lat' dir='ltr'><strong>veri</strong></span> <span class='ocrx_word' id='word_1_61' title='bbox 1765 1192 1979 1259; x_wconf 79' lang='lat' dir='ltr'><strong>simile</strong></span> <span class='ocrx_word' id='word_1_62' title='bbox 2024 1194 2190 1259; x_wconf 88' lang='lat' dir='ltr'><strong>mihi</strong></span> <span class='ocrx_word' id='word_1_63' title='bbox 2235 1193 2493 1259; x_wconf 85' lang='lat' dir='ltr'><strong>videtur</strong></span> <span class='ocrx_word' id='word_1_64' title='bbox 2537 1193 3060 1260; x_wconf 77' lang='lat' dir='ltr'><strong>substituendum</strong></span> 
     </span>
     <span class='ocr_line' id='line_1_9' title="bbox 677 1297 3066 1385; baseline 0.001 -23"><span class='ocrx_word' id='word_1_65' title='bbox 677 1319 812 1364; x_wconf 80' lang='lat' dir='ltr'><strong>esse</strong></span> <span class='ocrx_word' id='word_1_66' title='bbox 884 1299 1177 1379; x_wconf 79' lang='grc' dir='ltr'><strong><em>ἓκατεροι.</em></strong></span> <span class='ocrx_word' id='word_1_67' title='bbox 1261 1297 1408 1363; x_wconf 90' lang='lat' dir='ltr'><strong>Non</strong></span> <span class='ocrx_word' id='word_1_68' title='bbox 1476 1301 1649 1363; x_wconf 88' lang='lat' dir='ltr'><strong>enim</strong></span> <span class='ocrx_word' id='word_1_69' title='bbox 1719 1319 1963 1364; x_wconf 87' lang='lat' dir='ltr'><strong>novum</strong></span> <span class='ocrx_word' id='word_1_70' title='bbox 2032 1299 2368 1363; x_wconf 88' lang='lat' dir='ltr'><strong>hominum</strong></span> <span class='ocrx_word' id='word_1_71' title='bbox 2443 1320 2648 1385; x_wconf 80' lang='lat' dir='ltr'><strong>genus</strong></span> <span class='ocrx_word' id='word_1_72' title='bbox 2716 1301 3066 1384; x_wconf 78' lang='lat' dir='ltr'><strong>posteriore</strong></span> 
     </span>
     <span class='ocr_line' id='line_1_10' title="bbox 672 1403 3060 1489; baseline 0.001 -22"><span class='ocrx_word' id='word_1_73' title='bbox 672 1405 988 1469; x_wconf 80' lang='lat' dir='ltr'><strong>enuntiati</strong></span> <span class='ocrx_word' id='word_1_74' title='bbox 1033 1410 1213 1489; x_wconf 88' lang='lat' dir='ltr'><strong>parte</strong></span> <span class='ocrx_word' id='word_1_75' title='bbox 1250 1404 1601 1469; x_wconf 78' lang='lat' dir='ltr'>introducit</span> <span class='ocrx_word' id='word_1_76' title='bbox 1638 1409 1850 1469; x_wconf 83' lang='lat' dir='ltr'><strong>orator</strong></span> <span class='ocrx_word' id='word_1_77' title='bbox 1868 1453 1884 1482; x_wconf 89' lang='lat'><strong><em>,</em></strong></span> <span class='ocrx_word' id='word_1_78' title='bbox 1927 1410 1994 1470; x_wconf 89' lang='lat' dir='ltr'><strong>at</strong></span> <span class='ocrx_word' id='word_1_79' title='bbox 2034 1404 2110 1470; x_wconf 89' lang='lat' dir='ltr'><strong>de</strong></span> <span class='ocrx_word' id='word_1_80' title='bbox 2147 1403 2352 1470; x_wconf 78' lang='lat' dir='ltr'><strong>isdem</strong></span> <span class='ocrx_word' id='word_1_81' title='bbox 2391 1405 2762 1470; x_wconf 77' lang='lat' dir='ltr'><strong>hominibus</strong></span> <span class='ocrx_word' id='word_1_82' title='bbox 2802 1405 3060 1470; x_wconf 78' lang='lat' dir='ltr'><strong>disserit</strong></span> 
     </span>
     <span class='ocr_line' id='line_1_11' title="bbox 676 1510 3064 1596; baseline 0 -22"><span class='ocrx_word' id='word_1_83' title='bbox 676 1530 833 1596; x_wconf 78' lang='lat' dir='ltr'><strong>quos</strong></span> <span class='ocrx_word' id='word_1_84' title='bbox 879 1512 1178 1575; x_wconf 83' lang='lat' dir='ltr'><strong>tractavit</strong></span> <span class='ocrx_word' id='word_1_85' title='bbox 1222 1511 1432 1594; x_wconf 88' lang='lat' dir='ltr'><strong>priore</strong></span> <span class='ocrx_word' id='word_1_86' title='bbox 1479 1512 1827 1575; x_wconf 83' lang='lat' dir='ltr'><strong>sententiae</strong></span> <span class='ocrx_word' id='word_1_87' title='bbox 1873 1515 2089 1596; x_wconf 86' lang='lat' dir='ltr'><strong>parte:</strong></span> <span class='ocrx_word' id='word_1_88' title='bbox 2163 1513 2274 1596; x_wconf 86' lang='lat' dir='ltr'><strong>qui</strong></span> <span class='ocrx_word' id='word_1_89' title='bbox 2319 1514 2494 1576; x_wconf 90' lang='lat' dir='ltr'><strong>enim</strong></span> <span class='ocrx_word' id='word_1_90' title='bbox 2539 1511 2625 1576; x_wconf 73' lang='grc' dir='ltr'><strong><em>τὰ</em></strong></span> <span class='ocrx_word' id='word_1_91' title='bbox 2673 1510 3064 1577; x_wconf 71' lang='grc' dir='ltr'><strong><em>ἀτοπώτατα</em></strong></span> 
     </span>
     <span class='ocr_line' id='line_1_12' title="bbox 674 1612 3063 1700; baseline -0.001 -19"><span class='ocrx_word' id='word_1_92' title='bbox 674 1614 940 1686; x_wconf 77' lang='grc' dir='ltr'><strong><em>εὐκόλως</em></strong></span> <span class='ocrx_word' id='word_1_93' title='bbox 988 1612 1234 1696; x_wconf 84' lang='grc' dir='ltr'><strong><em>φέρουσι</em></strong></span> <span class='ocrx_word' id='word_1_94' title='bbox 1281 1615 1456 1680; x_wconf 87' lang='lat' dir='ltr'><strong>idem</strong></span> <span class='ocrx_word' id='word_1_95' title='bbox 1492 1620 1644 1680; x_wconf 81' lang='lat' dir='ltr'><strong>sunt</strong></span> <span class='ocrx_word' id='word_1_96' title='bbox 1682 1637 1753 1680; x_wconf 87' lang='lat' dir='ltr'><strong>ac</strong></span> <span class='ocrx_word' id='word_1_97' title='bbox 1791 1616 1842 1681; x_wconf 81' lang='grc' dir='ltr'><strong>οἱ</strong></span> <span class='ocrx_word' id='word_1_98' title='bbox 1884 1616 1968 1680; x_wconf 76' lang='grc' dir='ltr'><strong><em>τά</em></strong></span> <span class='ocrx_word' id='word_1_99' title='bbox 2000 1616 2185 1697; x_wconf 81' lang='grc' dir='ltr'><strong><em>χείρω</em></strong></span> <span class='ocrx_word' id='word_1_100' title='bbox 2221 1618 2427 1700; x_wconf 71' lang='grc' dir='ltr'><strong><em>καλῶς</em></strong></span> <span class='ocrx_word' id='word_1_101' title='bbox 2461 1615 3063 1698; x_wconf 82' lang='grc' dir='ltr'><strong><em>μεταχειριζόμενοι,</em></strong></span> 
     </span>
     <span class='ocr_line' id='line_1_13' title="bbox 675 1715 3061 1804; baseline 0 -19"><span class='ocrx_word' id='word_1_102' title='bbox 675 1719 780 1785; x_wconf 84' lang='lat' dir='ltr'><strong>illi</strong></span> <span class='ocrx_word' id='word_1_103' title='bbox 841 1725 1058 1785; x_wconf 87' lang='lat' dir='ltr'><strong>autem</strong></span> <span class='ocrx_word' id='word_1_104' title='bbox 1106 1723 1218 1804; x_wconf 90' lang='lat' dir='ltr'><strong>qui</strong></span> <span class='ocrx_word' id='word_1_105' title='bbox 1262 1728 1389 1792; x_wconf 85' lang='grc' dir='ltr'><strong><em>τοῖς</em></strong></span> <span class='ocrx_word' id='word_1_106' title='bbox 1438 1715 1891 1801; x_wconf 75' lang='grc' dir='ltr'><strong><em>ἐλαφροτάτοις</em></strong></span> <span class='ocrx_word' id='word_1_107' title='bbox 1938 1722 2309 1801; x_wconf 83' lang='grc' dir='ltr'><strong><em>βαρύνονται</em></strong></span> <span class='ocrx_word' id='word_1_108' title='bbox 2356 1723 2657 1788; x_wconf 87' lang='lat' dir='ltr'><strong>dicuntur</strong></span> <span class='ocrx_word' id='word_1_109' title='bbox 2702 1723 2788 1788; x_wconf 75' lang='grc' dir='ltr'><strong><em>τά</em></strong></span> <span class='ocrx_word' id='word_1_110' title='bbox 2828 1723 3061 1799; x_wconf 81' lang='grc' dir='ltr'><strong><em>άμεΙνω</em></strong></span> 
     </span>
     <span class='ocr_line' id='line_1_14' title="bbox 675 1825 3067 1914; baseline 0.002 -26"><span class='ocrx_word' id='word_1_111' title='bbox 675 1830 879 1896; x_wconf 82' lang='grc' dir='ltr'><strong><em>κακῶς</em></strong></span> <span class='ocrx_word' id='word_1_112' title='bbox 932 1825 1494 1906; x_wconf 76' lang='grc' dir='ltr'><strong><em>μεταχειρίζεσθαι.</em></strong></span> <span class='ocrx_word' id='word_1_113' title='bbox 1569 1826 1655 1891; x_wconf 79' lang='lat' dir='ltr'><strong>Et</strong></span> <span class='ocrx_word' id='word_1_114' title='bbox 1701 1827 1777 1892; x_wconf 85' lang='lat' dir='ltr'><strong>de</strong></span> <span class='ocrx_word' id='word_1_115' title='bbox 1825 1830 2117 1914; x_wconf 78' lang='lat' dir='ltr'><strong>utrisque</strong></span> <span class='ocrx_word' id='word_1_116' title='bbox 2163 1849 2360 1913; x_wconf 81' lang='lat' dir='ltr'><strong>aeque</strong></span> <span class='ocrx_word' id='word_1_117' title='bbox 2406 1827 2579 1894; x_wconf 84' lang='lat' dir='ltr'><strong>valet</strong></span> <span class='ocrx_word' id='word_1_118' title='bbox 2626 1828 2798 1913; x_wconf 89' lang='lat' dir='ltr'><strong>quod</strong></span> <span class='ocrx_word' id='word_1_119' title='bbox 2843 1834 3067 1894; x_wconf 83' lang='lat' dir='ltr'><strong>monet</strong></span> 
     </span>
     <span class='ocr_line' id='line_1_15' title="bbox 675 1931 3067 2020; baseline 0 -23"><span class='ocrx_word' id='word_1_120' title='bbox 675 1933 977 2017; x_wconf 77' lang='lat' dir='ltr'><strong>scriptor:</strong></span> <span class='ocrx_word' id='word_1_121' title='bbox 1028 1952 1152 1996; x_wconf 90' lang='lat' dir='ltr'><strong>non</strong></span> <span class='ocrx_word' id='word_1_122' title='bbox 1199 1932 1413 1998; x_wconf 81' lang='lat' dir='ltr'><strong>solum</strong></span> <span class='ocrx_word' id='word_1_123' title='bbox 1458 1934 1617 2019; x_wconf 81' lang='lat' dir='ltr'><strong>ipsis</strong></span> <span class='ocrx_word' id='word_1_124' title='bbox 1662 1933 1774 1997; x_wconf 80' lang='lat' dir='ltr'><strong>sed</strong></span> <span class='ocrx_word' id='word_1_125' title='bbox 1821 1931 1962 1997; x_wconf 79' lang='lat' dir='ltr'><strong>aliis</strong></span> <span class='ocrx_word' id='word_1_126' title='bbox 2009 1954 2260 2020; x_wconf 89' lang='lat' dir='ltr'><strong>quoque</strong></span> <span class='ocrx_word' id='word_1_127' title='bbox 2306 1938 2612 2020; x_wconf 80' lang='lat' dir='ltr'><strong>utrosque</strong></span> <span class='ocrx_word' id='word_1_128' title='bbox 2659 1955 2883 2000; x_wconf 88' lang='lat' dir='ltr'><strong>eorum</strong></span> <span class='ocrx_word' id='word_1_129' title='bbox 2922 1933 3067 1998; x_wconf 79' lang='grc' dir='ltr'><strong>ἑκά-</strong></span> 
     </span>
     <span class='ocr_line' id='line_1_16' title="bbox 680 2033 2946 2121; baseline 0.002 -21"><span class='ocrx_word' id='word_1_130' title='bbox 680 2061 825 2117; x_wconf 88' lang='grc' dir='ltr'><strong><em>τερα</em></strong></span> <span class='ocrx_word' id='word_1_131' title='bbox 873 2037 1063 2102; x_wconf 79' lang='grc' dir='ltr'><strong><em>δοκεῖν</em></strong></span> <span class='ocrx_word' id='word_1_132' title='bbox 1109 2046 1300 2102; x_wconf 85' lang='grc' dir='ltr'><strong><em>ποιεῖν</em></strong></span> <span class='ocrx_word' id='word_1_133' title='bbox 1348 2046 1476 2110; x_wconf 89' lang='grc' dir='ltr'><strong><em>τοῖς</em></strong></span> <span class='ocrx_word' id='word_1_134' title='bbox 1525 2035 1744 2110; x_wconf 70' lang='grc' dir='ltr'><strong><em>ἄλλοις</em></strong></span> <span class='ocrx_word' id='word_1_135' title='bbox 1793 2033 1889 2103; x_wconf 74' lang='grc' dir='ltr'><strong><em>οἶα</em></strong></span> <span class='ocrx_word' id='word_1_136' title='bbox 1938 2039 2150 2111; x_wconf 77' lang='grc' dir='ltr'><strong><em>αὐτοῖς</em></strong></span> <span class='ocrx_word' id='word_1_137' title='bbox 2199 2035 2347 2105; x_wconf 81' lang='grc' dir='ltr'><strong><em>εἶναι</em></strong></span> <span class='ocrx_word' id='word_1_138' title='bbox 2397 2037 2946 2121; x_wconf 80' lang='grc' dir='ltr'><strong><em>παρασκευάζουσι.</em></strong></span> 
     </span>
    </p>
   </div>
   <div class='ocr_carea' id='block_1_3' title="bbox 672 2255 3070 3186">
    <p class='ocr_par' dir='ltr' id='par_1_4' title="bbox 672 2255 3070 3186">
     <span class='ocr_line' id='line_1_17' title="bbox 762 2255 3065 2343; baseline -0.001 -21"><span class='ocrx_word' id='word_1_139' title='bbox 762 2255 939 2322; x_wconf 89' lang='lat' dir='ltr'><strong>Haec</strong></span> <span class='ocrx_word' id='word_1_140' title='bbox 1008 2257 1205 2322; x_wconf 85' lang='lat' dir='ltr'><strong>habui</strong></span> <span class='ocrx_word' id='word_1_141' title='bbox 1274 2260 1598 2322; x_wconf 72' lang='lat' dir='ltr'><strong>carissime</strong></span> <span class='ocrx_word' id='word_1_142' title='bbox 1669 2256 2040 2322; x_wconf 83' lang='lat' dir='ltr'><strong>Boissevain</strong></span> <span class='ocrx_word' id='word_1_143' title='bbox 2113 2277 2273 2343; x_wconf 86' lang='lat' dir='ltr'><strong>quae</strong></span> <span class='ocrx_word' id='word_1_144' title='bbox 2341 2259 2410 2320; x_wconf 91' lang='lat' dir='ltr'><strong>in</strong></span> <span class='ocrx_word' id='word_1_145' title='bbox 2479 2277 2775 2342; x_wconf 81' lang='lat' dir='ltr'><strong>praesens</strong></span> <span class='ocrx_word' id='word_1_146' title='bbox 2843 2261 3065 2321; x_wconf 88' lang='lat' dir='ltr'><strong>tecum</strong></span> 
     </span>
     <span class='ocr_line' id='line_1_18' title="bbox 674 2361 3062 2448; baseline 0.001 -22"><span class='ocrx_word' id='word_1_147' title='bbox 674 2364 1232 2429; x_wconf 89' lang='lat' dir='ltr'><strong>communicarem.</strong></span> <span class='ocrx_word' id='word_1_148' title='bbox 1304 2362 1501 2428; x_wconf 86' lang='lat' dir='ltr'><strong>Plura</strong></span> <span class='ocrx_word' id='word_1_149' title='bbox 1564 2365 1736 2427; x_wconf 89' lang='lat' dir='ltr'><strong>enim</strong></span> <span class='ocrx_word' id='word_1_150' title='bbox 1799 2383 1969 2426; x_wconf 89' lang='lat' dir='ltr'><strong>nunc</strong></span> <span class='ocrx_word' id='word_1_151' title='bbox 2029 2383 2107 2427; x_wconf 92' lang='lat' dir='ltr'><strong>ne</strong></span> <span class='ocrx_word' id='word_1_152' title='bbox 2169 2361 2404 2448; x_wconf 82' lang='lat' dir='ltr'><strong>longus</strong></span> <span class='ocrx_word' id='word_1_153' title='bbox 2465 2365 2591 2427; x_wconf 80' lang='lat' dir='ltr'><strong>sim</strong></span> <span class='ocrx_word' id='word_1_154' title='bbox 2633 2384 2761 2428; x_wconf 89' lang='lat' dir='ltr'><strong>non</strong></span> <span class='ocrx_word' id='word_1_155' title='bbox 2806 2363 3062 2428; x_wconf 81' lang='lat' dir='ltr'><strong>addam.</strong></span> 
     </span>
     <span class='ocr_line' id='line_1_19' title="bbox 676 2465 3070 2556; baseline 0.001 -24"><span class='ocrx_word' id='word_1_156' title='bbox 676 2465 914 2546; x_wconf 82' lang='lat' dir='ltr'>Quodsi</span> <span class='ocrx_word' id='word_1_157' title='bbox 976 2468 1130 2552; x_wconf 89' lang='lat' dir='ltr'><strong>quid</strong></span> <span class='ocrx_word' id='word_1_158' title='bbox 1189 2471 1257 2532; x_wconf 91' lang='lat' dir='ltr'><strong>in</strong></span> <span class='ocrx_word' id='word_1_159' title='bbox 1317 2471 1480 2533; x_wconf 81' lang='lat' dir='ltr'><strong>meis</strong></span> <span class='ocrx_word' id='word_1_160' title='bbox 1540 2471 1663 2534; x_wconf 89' lang='lat' dir='ltr'><strong>erit</strong></span> <span class='ocrx_word' id='word_1_161' title='bbox 1710 2490 1836 2554; x_wconf 90' lang='lat' dir='ltr'><strong>quo</strong></span> <span class='ocrx_word' id='word_1_162' title='bbox 1884 2472 1997 2533; x_wconf 89' lang='lat' dir='ltr'><strong>aut</strong></span> <span class='ocrx_word' id='word_1_163' title='bbox 2043 2471 2402 2556; x_wconf 87' lang='lat' dir='ltr'><strong>corrigatur</strong></span> <span class='ocrx_word' id='word_1_164' title='bbox 2448 2467 2570 2533; x_wconf 91' lang='lat' dir='ltr'><strong>Dio</strong></span> <span class='ocrx_word' id='word_1_165' title='bbox 2617 2472 2732 2533; x_wconf 87' lang='lat' dir='ltr'><strong>aut</strong></span> <span class='ocrx_word' id='word_1_166' title='bbox 2776 2471 2883 2533; x_wconf 85' lang='lat' dir='ltr'><strong>via</strong></span> <span class='ocrx_word' id='word_1_167' title='bbox 2925 2472 3070 2534; x_wconf 82' lang='lat' dir='ltr'><strong>veri</strong></span> 
     </span>
     <span class='ocr_line' id='line_1_20' title="bbox 673 2571 3061 2660; baseline -0 -22"><span class='ocrx_word' id='word_1_168' title='bbox 673 2575 1040 2638; x_wconf 86' lang='lat' dir='ltr'><strong>inveniatur</strong></span> <span class='ocrx_word' id='word_1_169' title='bbox 1099 2595 1177 2637; x_wconf 83' lang='lat' dir='ltr'><strong>ex</strong></span> <span class='ocrx_word' id='word_1_170' title='bbox 1238 2575 1451 2639; x_wconf 90' lang='lat' dir='ltr'><strong>animo</strong></span> <span class='ocrx_word' id='word_1_171' title='bbox 1496 2573 1808 2660; x_wconf 83' lang='lat' dir='ltr'><strong>gaudebo.</strong></span> <span class='ocrx_word' id='word_1_172' title='bbox 1877 2573 1981 2637; x_wconf 77' lang='grc' dir='ltr'><strong>Σοὶ</strong></span> <span class='ocrx_word' id='word_1_173' title='bbox 2034 2572 2094 2636; x_wconf 72' lang='grc' dir='ltr'><strong>δὲ</strong></span> <span class='ocrx_word' id='word_1_174' title='bbox 2146 2573 2259 2637; x_wconf 75' lang='grc' dir='ltr'><strong><em>θεοὶ</em></strong></span> <span class='ocrx_word' id='word_1_175' title='bbox 2309 2573 2466 2638; x_wconf 87' lang='grc' dir='ltr'><strong><em>τόσα</em></strong></span> <span class='ocrx_word' id='word_1_176' title='bbox 2512 2573 2664 2638; x_wconf 87' lang='grc' dir='ltr'><strong><em>δοῖεν</em></strong></span> <span class='ocrx_word' id='word_1_177' title='bbox 2711 2571 2828 2637; x_wconf 74' lang='grc' dir='ltr'><strong><em>ὅσα</em></strong></span> <span class='ocrx_word' id='word_1_178' title='bbox 2875 2573 3061 2653; x_wconf 75' lang='grc' dir='ltr'><strong><em>φρεσὶ</em></strong></span> 
     </span>
     <span class='ocr_line' id='line_1_21' title="bbox 676 2678 3070 2766; baseline 0.001 -24"><span class='ocrx_word' id='word_1_179' title='bbox 676 2687 815 2760; x_wconf 71' lang='grc' dir='ltr'><strong><em>σῇσι</em></strong></span> <span class='ocrx_word' id='word_1_180' title='bbox 880 2685 1198 2762; x_wconf 78' lang='grc' dir='ltr'><strong><em>μενοινᾷς,</em></strong></span> <span class='ocrx_word' id='word_1_181' title='bbox 1247 2682 1416 2745; x_wconf 86' lang='lat' dir='ltr'><strong>inter</strong></span> <span class='ocrx_word' id='word_1_182' title='bbox 1461 2698 1619 2765; x_wconf 87' lang='lat' dir='ltr'><strong>quae</strong></span> <span class='ocrx_word' id='word_1_183' title='bbox 1669 2678 1832 2744; x_wconf 83' lang='lat' dir='ltr'><strong>bona</strong></span> <span class='ocrx_word' id='word_1_184' title='bbox 1876 2678 1944 2743; x_wconf 92' lang='lat' dir='ltr'><strong>id</strong></span> <span class='ocrx_word' id='word_1_185' title='bbox 1995 2679 2276 2766; x_wconf 86' lang='lat' dir='ltr'><strong>profecto</strong></span> <span class='ocrx_word' id='word_1_186' title='bbox 2323 2700 2451 2744; x_wconf 90' lang='lat' dir='ltr'><strong>non</strong></span> <span class='ocrx_word' id='word_1_187' title='bbox 2497 2680 2846 2745; x_wconf 88' lang='lat' dir='ltr'><strong>minimum</strong></span> <span class='ocrx_word' id='word_1_188' title='bbox 2891 2679 3070 2744; x_wconf 82' lang='lat' dir='ltr'><strong>soda-</strong></span> 
     </span>
     <span class='ocr_line' id='line_1_22' title="bbox 672 2776 3066 2870; baseline 0.001 -21"><span class='ocrx_word' id='word_1_189' title='bbox 672 2776 767 2850; x_wconf 83' lang='lat' dir='ltr'><strong>les</strong></span> <span class='ocrx_word' id='word_1_190' title='bbox 839 2788 1155 2870; x_wconf 80' lang='lat' dir='ltr'><strong>amicique</strong></span> <span class='ocrx_word' id='word_1_191' title='bbox 1225 2790 1325 2850; x_wconf 90' lang='lat' dir='ltr'><strong>tui</strong></span> <span class='ocrx_word' id='word_1_192' title='bbox 1393 2786 1823 2850; x_wconf 75' lang='lat' dir='ltr'><strong>iudicabimus</strong></span> <span class='ocrx_word' id='word_1_193' title='bbox 1903 2788 1957 2849; x_wconf 81' lang='lat' dir='ltr'><strong>si</strong></span> <span class='ocrx_word' id='word_1_194' title='bbox 2034 2792 2374 2851; x_wconf 80' lang='lat' dir='ltr'><strong>strenuum</strong></span> <span class='ocrx_word' id='word_1_195' title='bbox 2435 2790 2726 2851; x_wconf 87' lang='lat' dir='ltr'><strong>animum</strong></span> <span class='ocrx_word' id='word_1_196' title='bbox 2744 2834 2761 2864; x_wconf 89' lang='lat'>‚</span> <span class='ocrx_word' id='word_1_197' title='bbox 2825 2788 3066 2851; x_wconf 81' lang='lat' dir='ltr'><strong>mentis</strong></span> 
     </span>
     <span class='ocr_line' id='line_1_23' title="bbox 675 2890 3068 2977; baseline 0.001 -23"><span class='ocrx_word' id='word_1_198' title='bbox 675 2893 1127 2975; x_wconf 77' lang='lat' dir='ltr'><strong>sagacitatem,</strong></span> <span class='ocrx_word' id='word_1_199' title='bbox 1201 2894 1339 2956; x_wconf 80' lang='lat' dir='ltr'><strong>veri</strong></span> <span class='ocrx_word' id='word_1_200' title='bbox 1405 2890 1797 2955; x_wconf 78' lang='lat' dir='ltr'><strong>indefessum</strong></span> <span class='ocrx_word' id='word_1_201' title='bbox 1862 2911 2146 2955; x_wconf 88' lang='lat' dir='ltr'><strong>amorem</strong></span> <span class='ocrx_word' id='word_1_202' title='bbox 2206 2892 2469 2976; x_wconf 81' lang='lat' dir='ltr'><strong>posthac</strong></span> <span class='ocrx_word' id='word_1_203' title='bbox 2514 2913 2763 2977; x_wconf 87' lang='lat' dir='ltr'><strong>quoque</strong></span> <span class='ocrx_word' id='word_1_204' title='bbox 2809 2891 2895 2956; x_wconf 91' lang='lat' dir='ltr'><strong>Di</strong></span> <span class='ocrx_word' id='word_1_205' title='bbox 2941 2893 3068 2956; x_wconf 88' lang='lat' dir='ltr'><strong>tibi</strong></span> 
     </span>
     <span class='ocr_line' id='line_1_24' title="bbox 676 2994 3067 3080; baseline 0.001 -20"><span class='ocrx_word' id='word_1_206' title='bbox 676 2994 1039 3080; x_wconf 81' lang='lat' dir='ltr'><strong>largiantur</strong></span> <span class='ocrx_word' id='word_1_207' title='bbox 1110 3016 1269 3080; x_wconf 90' lang='lat' dir='ltr'><strong>quae</strong></span> <span class='ocrx_word' id='word_1_208' title='bbox 1335 2998 1403 3059; x_wconf 91' lang='lat' dir='ltr'><strong>in</strong></span> <span class='ocrx_word' id='word_1_209' title='bbox 1474 2994 1748 3060; x_wconf 79' lang='lat' dir='ltr'><strong>Dionem</strong></span> <span class='ocrx_word' id='word_1_210' title='bbox 1820 3000 2012 3060; x_wconf 92' lang='lat' dir='ltr'><strong>tuum</strong></span> <span class='ocrx_word' id='word_1_211' title='bbox 2081 2997 2362 3064; x_wconf 84' lang='lat' dir='ltr'><strong>conferre</strong></span> <span class='ocrx_word' id='word_1_212' title='bbox 2423 3000 2488 3062; x_wconf 88' lang='lat' dir='ltr'><strong>et</strong></span> <span class='ocrx_word' id='word_1_213' title='bbox 2549 3018 2920 3063; x_wconf 82' lang='lat' dir='ltr'><strong>consumere</strong></span> <span class='ocrx_word' id='word_1_214' title='bbox 2983 2998 3067 3062; x_wconf 90' lang='lat' dir='ltr'><strong>ad</strong></span> 
     </span>
     <span class='ocr_line' id='line_1_25' title="bbox 680 3101 1651 3186; baseline 0 -21"><span class='ocrx_word' id='word_1_215' title='bbox 680 3102 851 3165; x_wconf 92' lang='lat' dir='ltr'><strong>hunc</strong></span> <span class='ocrx_word' id='word_1_216' title='bbox 899 3122 1103 3186; x_wconf 81' lang='lat' dir='ltr'><strong>usque</strong></span> <span class='ocrx_word' id='word_1_217' title='bbox 1151 3101 1318 3167; x_wconf 90' lang='lat' dir='ltr'><strong>diem</strong></span> <span class='ocrx_word' id='word_1_218' title='bbox 1369 3101 1651 3168; x_wconf 58' lang='lat' dir='ltr'><strong>solebas„</strong></span> 
     </span>
    </p>
   </div>
   <div class='ocr_carea' id='block_1_4' title="bbox 817 3269 1585 3335">
    <p class='ocr_par' dir='ltr' id='par_1_5' title="bbox 817 3269 1585 3335">
     <span class='ocr_line' id='line_1_26' title="bbox 817 3269 1585 3335; baseline 0 -2"><span class='ocrx_word' id='word_1_219' title='bbox 817 3283 1041 3333; x_wconf 66' lang='lat' dir='ltr'><strong>Harlemi</strong></span> <span class='ocrx_word' id='word_1_220' title='bbox 1075 3298 1233 3335; x_wconf 64' lang='lat' dir='ltr'><strong>monae</strong></span> <span class='ocrx_word' id='word_1_221' title='bbox 1268 3269 1403 3333; x_wconf 44' lang='lat' dir='ltr'><strong>Maio</strong></span> <span class='ocrx_word' id='word_1_222' title='bbox 1442 3284 1585 3333; x_wconf 76' lang='lat'><strong>1896.</strong></span> 
     </span>
    </p>
   </div>
  </div>
 </body>
</html>
