3351 5463
1215 408 1716 457 Amsrornmns.
2233 434 2238 439 -
2529 394 2656 459 103

268 576 481 660 igitur
551 580 857 659 appetens
926 575 1051 639 dici
1112 582 1323 661 potest
1384 580 1525 662 ipsa
1584 597 1746 662 quae
1807 579 2146 659 invocatur
2205 601 2373 641 musa
2391 627 2407 654 ,
2457 584 2520 643 et
2567 582 2658 643 sic

266 679 449 744 ultro
508 681 773 745 emicat
801 702 953 746 vera
993 681 1184 747 lectio
1230 682 1698 762 φιλοτιμοτέρα.
1747 681 1940 746 Musa
1983 682 2497 769 suaviloquentia
2543 706 2660 749 sua

267 792 528 869 captare
590 786 826 854 studet¹
870 787 1189 853 auditores
1253 789 1485 873 quibus
1532 787 1647 853 ille
1693 788 1887 853 homo
1932 787 2313 854 clamoribus
2361 790 2661 855 semibar—

266 891 443 955 baris
490 912 677 956 aures
725 892 1069 959 obtundere
1117 892 1310 958 solet.-

362 996 441 1061 In
503 999 802 1082 strophae
865 1001 1043 1064 exitu
1096 999 1279 1065 vides
1324 1021 1429 1064 me
1474 1002 1782 1085 recepisse
1827 998 2118 1084 pulcram
2164 999 2475 1065 Meinekii
2520 1022 2658 1065 con-

263 1104 618 1180 iecturam,
684 1106 751 1167 in
812 1104 1131 1169 codicibus
1186 1107 1362 1169 enim
1407 1111 1502 1169 est
1551 1105 1648 1168 ἐπὶ
1698 1105 2016 1182 βάρβαρον
2065 1101 2309 1181 ἑζομένη
2357 1104 2654 1183 πέταλον,

269 1207 445 1293 quod
508 1209 661 1273 ferri
722 1230 848 1275 non
912 1231 1092 1294 posse
1148 1210 1422 1275 libenter
1483 1210 1754 1276 concedo
1801 1212 1960 1275 viris
2007 1210 2208 1274 doctis
2257 1212 2372 1294 qui
2415 1210 2492 1275 de
2537 1212 2656 1275 hoc
2782 1230 2796 1243 ·

262 1313 410 1379 loco
476 1316 903 1399 disputarunt.
954 1315 1101 1381 'Sed
1166 1317 1387 1381 dubito
1448 1317 1713 1381 subinde
1773 1336 1854 1380 an
1920 1315 2122 1380 lenior
2191 1315 2462 1381 sufficiat
2529 1338 2658 1381 cor-

261 1422 471 1485 rectio
519 1419 619 1483 ἕπὶ
661 1418 979 1500 βάρβαρον
1027 1420 1272 1501 ἑζομένη
1314 1422 1590 1487 πίτυλον.
1632 1421 1872 1487 Vocem
1909 1419 2162 1484 πίτυλον
2203 1423 2398 1485 etiam
2438 1421 2656 1508 Bergk

260 1525 395 1589 huc
431 1526 734 1590 invehere
772 1525 1021 1605 voluit,
1068 1528 1367 1608 scaturiyo
1406 1534 1625 1593 autem
1646 1576 1661 1605 ,
1704 1526 1782 1591 ad
1823 1547 2016 1611 quam
2053 1526 2305 1591 avicula
2346 1528 2650 1605 considat,

259 1628 555 1714 loquacis
614 1632 893 1695 homi-nis
952 1654 1020 1697 os
1081 1631 1208 1697 dici
1264 1633 1527 1725 fortasse
1588 1632 1761 1697 haud
1809 1634 2025 1717 inepte
2073 1634 2307 1717 potuit.
2373 1630 2497 1697 sed
2547 1633 2652 1698 hic

259 1757 520 1822 quoque
566 1737 904 1803 subactum
950 1743 1141 1803 tuum
1188 1726 1450 1828 expecto
1497 1738 1834 1803 iudicium.

356 1901 467 1965 Vs.
519 1901 671 1966 925.
739 1902 1040 1989 Aeschyli
1102 1923 1203 1967 ars
1266 1904 1578 1988 perfacete
1624 1903 1701 1967 ab
1748 1903 2056 1987 Euripide
2102 1906 2193 1967 sic
2239 1904 2650 1970 describitur:

266 2014 417 2093 post
479 2006 729 2073 infinita
790 2008 965 2072 chori
1028 2011 1271 2073 cantica
1332 2008 1590 2073 tandem
1651 2015 1826 2073 actor
1882 2008 2115 2092 aliquis
2163 2012 2328 2074 circa
2370 2010 2652 2075 mediam

261 2114 401 2179 fere
447 2112 732 2178 fabulam
781 2113 958 2198 loqui
1004 2116 1313 2199 incipiens
1360 2115 1599 2199 profert
1646 2117 1902 2191 ῥήματα
1951 2115 2129 2189 βόεια

543 2222 733 2298 ὀφρῦς
783 2218 1010 2297 ἔχοντα
1063 2222 1165 2283 καὶ
1217 2218 1482 2297 λόφους,
1537 2220 1677 2283 δείν’
1726 2218 1933 2297 ἄττα,
1985 2220 2375 2298 μορμορωπά.

260 2325 445 2389 Βόειοι
490 2331 640 2389 sunt
678 2324 983 2399 immania,
1024 2324 1503 2409 sesquipedalia;
1546 2327 1744 2389 etiam
1783 2327 1974 2401 ὀφρῦς
2017 2325 2120 2387 καὶ
2164 2325 2394 2405 λόφους
2421 2323 2647 2404 ἔχοντα

259 2432 523 2510 ῥήματά
566 2430 719 2514 quid
760 2428 1076 2515 significet
1111 2426 1308 2513 probe
1348 2432 1509 2506 scio,
1552 2436 1702 2494 sunt
1741 2432 1916 2494 enim
1956 2436 2124 2493 torva
2162 2437 2340 2515 atque
2367 2431 2647 2509 minacia,

259 2534 477 2620 qualis
546 2534 674 2599 fuit
740 2534 962 2600 vultus
1019 2534 1312 2598 Pisandri
1373 2534 1552 2599 illius
1612 2537 1682 2598 in
1741 2555 1892 2619 pace
1957 2539 2213 2599 tantum
2260 2535 2521 2613 ferocis,
2572 2536 2649 2601 de

259 2629 402 2725 quo*
455 2639 589 2704 vid.
652 2640 799 2704 Pac.
852 2638 1004 2703 395.
1070 2638 1195 2705 Sed
1249 2640 1444 2705 verba
1504 2639 1877 2719 μορμορωπά
1938 2639 2045 2705 vel
2105 2642 2481 2719 μορμορωπά
2544 2641 2651 2707 vel

254 2745 679 2824 μορμουρωποὶ
742 2783 826 2794 -
890 2766 1041 2809 nam
1106 2747 1262 2810 hacc
1331 2749 1547 2810 omnia
1616 2750 1768 2810 sunt
1827 2747 1895 2809 in
1956 2745 2280 2810 codicibus
2347 2784 2431 2796 —-
2495 2749 2649 2832 quid

252 2847 456 2915 sunt?
518 2849 744 2915 Nescio
808 2851 1122 2934 equidem.
1186 2850 1395 2914 Immo
1452 2853 1618 2915 scio:
1671 2855 1768 2915 est
1813 2851 2052 2914 vitium
2099 2858 2390 2935 apertum
2414 2900 2430 2929 ‚
2480 2855 2650 2937 quod

252 2953 393 3020 uria
445 2955 664 3020 littera
724 2960 975 3020 mutata
1038 2959 1247 3020 sanari
1306 2961 1537 3040 potest.
1594 2954 1885 3032 Scilicet,
1934 2962 2008 3020 ut
2056 2977 2205 3020 cum
2251 2957 2646 3028 Mnesilocho

247 3062 374 3126 illo
438 3060 685 3146 loquar,
752 3062 917 3124 τουτὶ
982 3061 1050 3124 τὸ
1115 3065 1188 3140 ῥῶ
1232 3087 1237 3090 ·
1254 3062 1575 3141 μοχθηρόν.
1627 3062 1683 3127 Ε
1733 3064 1941 3148 prima
1989 3060 2236 3148 syllaba
2280 3066 2538 3148 irrepsit
2577 3068 2645 3130 in

249 3167 606 3233 secundam
623 3188 639 3245 3
690 3170 971 3232 comicus
1019 3169 1358 3252 scripserat
1404 3167 1928 3244 μσρμονωπά,
1961 3167 2203 3252 faciem
2242 3169 2500 3246 μορμό
2517 3194 2643 3242 νος

247 3273 446 3353 (Ach.
498 3270 629 3335 582
676 3272 823 3336 Ρ66.
875 3268 1381 3352 474).habentia.
1432 3272 1738 3337 Alienum
1786 3275 2008 3357 opinor
2053 3273 2203 3337 hinc
2250 3279 2347 3338 est
2393 3298 2644 3353 μαρμά-

248 3378 454 3456 ρωπός
502 3377 654 3442 Eur.
706 3377 895 3442 Herc.
947 3376 1099 3441 883.

344 3528 459 3594 Vs.
528 3527 699 3593 1038
762 3529 1009 3593 ridetur
1066 3528 1396 3594 Pantacles
1456 3530 1659 3594 bonus
1725 3530 1990 3594 fortasse
2054 3535 2238 3613 poeta
2299 3531 2408 3594 sed
2452 3532 2640 3597 miles

246 3637 577 3721 pessimus
601 3683 618 3711 ‚
686 3636 799 3718 qui
844 3656 921 3698 ex
970 3634 1249 3699 Homero
1296 3656 1409 3699 suo
1454 3656 1533 3699 ne
1556 3636 1648 3701 ‚id
1697 3635 1959 3719 quidem
1999 3634 2290 3700 didicerit
2328 3637 2640 3720 quomodo

244 3739 575 3806 induenda
636 3742 768 3803 sint
827 3760 1024 3803 arma.
1089 3739 1259 3803 Nam
1319 3759 1525 3823 nuper
1545 3788 1561 3816 ,
1622 3761 1770 3804 cum
1818 3760 2090 3824 pompae
2139 3740 2639 3807 Panathenaicae

244 3849 561 3910 interesse
611 3844 897 3922 deberet,

342 3953 417 4014 τὸ
468 3948 951 4034 κράνοςπρῶτον
1001 3948 1484 4026 περιδησάμενος
1532 3949 1632 4013 τὸν
1684 3950 1874 4029 λόφον
1924 3948 2156 4025 ἤμελλ’
2209 3949 2532 4023 ἐπιδήσειν.

245 4053 510 4119 Insoliti
570 4053 816 4138 aliquid
877 4055 1071 4118 habet
1134 4054 1239 4118 hic
1300 4075 1523 4118 versus
1544 4075 1560 4131 ;
1627 4075 1778 4118 nam
1829 4053 2096 4129 ἤμελλον
2144 4055 2631 4137 imperfectum,

244 4159 429 4245 quod
487 4180 563 4223 ex
631 4158 915 4223 Homero
987 4166 1081 4236 (M
1137 4158 1249 4233 34)
1320 4159 1565 4224 dudum
1627 4164 1723 4223 est
1787 4157 2129 4242 expulsum
2191 4180 2394 4242 neque
2463 4162 2635 4245 apud

240 4264 613 4329 Hesiodum
676 4263 944 4348 (Theog.
1010 4262 1178 4340 478,
1230 4261 1399 4339 888,
1451 4262 1609 4344 898)
1659 4270 1756 4327 est
1804 4262 2167 4339 ferendum,
2218 4265 2387 4348 apud
2433 4265 2631 4332 bonae

237 4372 481 4438 aetatis
528 4375 742 4454 poetas
790 4371 1042 4433 nonnisi
1089 4368 1188 4432 his
1236 4368 1391 4433 locis
1434 4371 1741 4433 occurrit:
1785 4368 2137 4453 Theognid.
2181 4367 2313 4432 259
2357 4371 2626 4435 πολλάκι

236 4475 299 4541 δ’
367 4473 736 4550 ἧμέλλησα,
799 4475 911 4537 ubi
975 4473 1044 4547 δὴ
1110 4473 1403 4550 μέλλησά
1470 4474 1705 4538 habent
1768 4473 2010 4540 codices
2076 4473 2466 4558 complures,
2515 4476 2624 4539 Ar.
