3351 5463
641 354 730 418 22
1718 372 1949 420 mvms.

731 558 782 602 0.
833 535 940 602 45.
970 536 1032 600 9.
1081 538 1153 600 12.
1219 537 1496 600 Veturius
1543 545 1602 600 et
1657 539 1726 628 Q.
1783 537 2077 600 Caecilius
2122 539 2633 603 sortirentur
2676 540 2897 602 inter
2940 562 3018 603 ee

642 650 1254 725 compararentv
1277 665 1340 719 e,
1391 650 1523 706 uter
1569 644 1637 705 in
1684 643 1956 705 Bruttiis
2004 644 2231 706 duabus
2270 645 2597 725 leqionibus
2632 668 2780 729 quas
2818 655 3023 708 concub

565 753 570 758 ’
640 749 981 833 reliquisset
1025 771 1146 811 rem
1184 755 1417 828 qererei
1433 796 1449 824 ,
1498 748 1925 832 imperiumque
1970 749 2038 811 in
2086 772 2305 812 annum
2338 758 2775 832 proroqaretur
2812 751 2911 813 cui
2950 774 3020 814 ea

626 855 948 936 provincia
1010 854 1310 918 evenisset.
1389 855 1472 916 Et
1531 855 1740 917 ceteris
1804 861 2217 935 <praeter
2282 857 2653 919 consules
2701 863 3021 936 praeto-

641 983 675 1022 r
696 982 726 1022 e
741 982 770 1020 e
787 982 822 1042 q
840 982 877 1021 u
894 967 997 1038 e>
1044 958 1148 1042 qui
1187 958 1540 1021 eaercitibus
1565 959 2019 1045 provinciisque
2046 961 2412 1045 praefuburi
2450 968 2656 1039 erant,
2685 968 3020 1043 proroqata

641 1065 914 1148 imperia.
2432 1048 2437 1052 ⁷

730 1170 804 1235 In
850 1171 950 1234 his
997 1172 1285 1254 primum
1332 1169 1652 1234 tollendus
1698 1176 1796 1234 est
1844 1191 2033 1246 error,
2085 1173 2197 1255 qui
2244 1171 2448 1235 adhuc
2498 1171 2671 1257 fugit
2715 1174 3021 1256 interpre-

639 1282 735 1340 tes
796 1281 861 1340 et
921 1276 1327 1340 scribendum
1391 1283 1802 1356 compararent
1864 1275 2023 1338 inter
2081 1297 2144 1338 ee
2188 1275 2619 1338 sortirenturve
2636 1324 2652 1352 ,
2704 1278 2795 1340 sic
2846 1279 3018 1340 enim

641 1381 968 1467 postulant
1035 1387 1098 1444 et
1167 1383 1328 1444 ratio
1402 1386 1579 1460 (nam
1637 1381 1800 1443 inter
1859 1402 1921 1443 se
1980 1383 2256 1465 pertinet
2316 1381 2394 1445 ad
2458 1388 2891 1462 compararent)
2955 1387 3020 1445 et

641 1485 934 1570 exempla
989 1485 1257 1550 Liviana
1306 1485 1412 1549 30.
1443 1485 1547 1550 40.
1582 1485 1662 1549 12
1710 1486 1870 1548 inter
1912 1508 1975 1548 ee
2021 1508 2200 1568 comp.
2249 1486 2698 1551 sortirenturve.
2748 1487 2855 1550 32.
2884 1486 2946 1553 8.
2982 1488 3014 1549 l

641 1615 819 1674 comp.
869 1593 913 1655 i.
962 1615 1008 1655 e.
1056 1593 1516 1668 sortirenturve,
1573 1590 1677 1655 cll.
1729 1589 1837 1656 33.
1864 1590 1970 1658 43.
2005 1591 2085 1655 12
2134 1598 2198 1655 et
2245 1590 2352 1655 43.
2386 1591 2488 1658 12.
2522 1591 2581 1656 1.
2632 1592 2801 1656 Tum
2845 1592 3018 1656 haud
3080 1594 3083 1596 ’

641 1701 768 1762 scio
829 1717 907 1761 an
967 1704 1288 1781 postrema
1349 1699 1664 1761 sententia
1727 1697 1963 1762 frustra
2023 1699 2284 1782 negotia
2346 1697 2734 1762 facessiverit
2780 1698 3016 1784 Pighio

643 1809 708 1868 et
755 1802 1088 1888 Madvigio
1109 1852 1124 1879 ,
1174 1806 1285 1886 qui
1334 1822 1476 1866 eam
1523 1805 1901 1886 coniecturis
1947 1807 2345 1887 temptarunt
2392 1806 2624 1868 merito
2668 1804 3018 1888 repudiatis

643 1929 679 1973 a
741 1908 1019 1972 Luchsio
1083 1913 1147 1971 et
1207 1907 1538 1973 Muellero.
1567 1948 1574 1955 ·
1603 1907 1731 1972 Hic
1790 1913 2008 1972 autem
2067 1911 2203 1993 ipse
2268 1930 2395 1972 non
2441 1911 2679 1974 maiore
2726 1929 3019 1974 successu

642 2015 761 2079 hoc
809 2017 1175 2098 proposuit:
1225 2020 1284 2076 et
1329 2015 1538 2077 ceteris
1554 2062 1570 2091 ,
1606 2021 2030 2098 praeterquam
2076 2015 2285 2098 quibus
2328 2016 2713 2079 succedebant
2754 2016 3021 2080 consules

631 2127 1056 2204 praetoresque
1075 2167 1090 2194 ,
1139 2119 1243 2203 qui
1262 2167 1278 2196 ,
1328 2139 1478 2182 nam
1524 2119 1642 2182 hoc
1690 2119 1969 2203 profecto
2008 2101 2423 2184 manifestum
2464 2126 2632 2197 erat,
2674 2123 3021 2205 imperium

644 2243 769 2290 non
829 2226 1176 2312 prorogari·
1219 2227 1336 2300 iis,
1399 2225 1629 2307 quibus
1691 2245 2013 2289 successor
2076 2225 2361 2289 dabatur.
2426 2224 2630 2291 Verba
2673 2233 2924 2308 praeter
2969 2249 3018 2290 c.

635 2337 1060 2412 praetoresque
1107 2327 1328 2413 procul
1374 2328 1564 2392 dubio
1612 2329 1925 2392 debentur
1971 2329 2345 2394 dormitanti
2389 2329 2610 2395 lectori
2628 2378 2644 2407 ,
2694 2333 2805 2415 qui
2842 2350 3023 2396 voca-

643 2434 873 2499 bulum
919 2435 1127 2496 ceteris
1173 2433 1486 2517 explicare
1537 2436 1797 2518 cupiens
1844 2436 1969 2498 ista
2008 2434 2378 2519 adscripsit,
2425 2456 2549 2500 non
2590 2438 2869 2499 sentiens
2889 2484 2905 2512 ‚
2947 2455 3020 2499 eo

513 2551 520 2558 “
647 2539 1026 2623 simpliciter
1085 2538 1435 2624 significari
1496 2543 1739 2604 ceteros
1800 2543 2128 2625 copiarum
2191 2540 2381 2605 duces
2447 2546 2698 2626 praeter
2768 2563 2812 2605 u
2830 2561 3019 2605 num

645 2644 836 2710 illum
883 2643 982 2726 (Q.
1033 2642 1384 2712 Caecilium
1431 2643 1626 2728 §11),
1674 2647 1781 2709 cui
1829 2649 2147 2712 evenisset
2193 2645 2438 2710 Bruttii
2484 2647 2829 2733 provincia.

1557 2878 1809 2943 Liber
1851 2876 2094 2943 XXIX.

734 3100 786 3143 0.
853 3076 1065 3142 3..12.
1135 3076 1281 3139 Ilbis
1348 3076 1679 3139 Romanam
1728 3075 1998 3157 plebem,
2069 3075 2204 3138 illis
2273 3074 2594 3138 Latium
2658 3076 3017 3141 iuventutem

629 3183 980 3267 praebuisse
1020 3181 1297 3244 maiorem
1340 3202 1564 3263 semper
1594 3181 2187 3266 frequentioremque
2236 3227 2251 3244 .
2282 3228 2297 3244 .
2326 3228 2341 3244 .
2388 3181 2856 3246 subolescentem.

733 3288 1053 3351 Latium
1114 3292 1330 3351 ortum
1377 3306 1508 3351 esse
1558 3288 1843 3369 suspicor
1890 3306 1968 3349 ex
2013 3285 2386 3370 compendio
2435 3307 2570 3351 voc.
2644 3287 3018 3351 Latinum

643 3416 922 3457 nomen.
972 3391 1145 3457 Illud
1188 3395 1360 3456 enim
1407 3413 1520 3476 pro
1568 3390 1826 3476 populis
1866 3390 2113 3455 Latinis
2152 3412 2279 3455 non
2316 3394 2661 3468 invenitur,
2705 3399 3017 3477 quantum

643 3498 811 3575 vidi,
875 3501 943 3562 in
1003 3498 1120 3562 hac
1185 3497 1415 3562 decade
1433 3517 1449 3573 ;
1514 3497 1632 3561 hoc
1696 3516 1916 3580 saepe,
1984 3495 2190 3561 veluti
2237 3518 2289 3561 c.
2341 3494 2449 3561 27.
2478 3495 2517 3560 4
2552 3520 2699 3579 pop.
2735 3498 3017 3583 plebique

643 3605 941 3679 Romano,
1023 3603 1200 3665 sociis
1269 3602 1607 3685 nominique
1669 3602 1913 3664 Latina
1980 3599 2085 3664 30.
2124 3599 2231 3665 43.
2281 3601 2357 3666 18
2421 3624 2572 3665 nom.
2637 3602 2853 3665 Latini
2912 3603 3017 3687 qui

644 3715 835 3772 erant.
887 3755 902 3771 .
933 3755 990 3771 ..
1040 3707 1300 3770 Romani
1347 3705 1454 3771 29.
1487 3705 1589 3770 19.
1619 3705 1658 3770 9
1707 3714 1770 3770 et
1818 3705 1925 3770 24.
1958 3705 2061 3769 14.
2122 3705 2194 3770 In
2242 3709 2451 3792 prima
2496 3705 2722 3771 decade
2770 3707 3013 3770 Latium

644 3833 1133 3897 nonnumquam
1194 3815 1284 3876 sic
1348 3814 1696 3888 invenitur,
1762 3813 2019 3876 tametsi
2066 3811 2158 3874 ibi
2205 3832 2453 3895 quoque
2504 3811 2842 3877 discrimen
2885 3835 3015 3879 non

645 3918 1018 4005 negligitur,
1067 3923 1143 3982 ut
1187 3920 1255 3980 in
1308 3914 1366 3981 7.
1395 3915 1502 3981 28.
1530 3916 1572 3981 2
1619 3921 1684 3980 et
1729 3918 2104 4001 praesertim
2149 3914 2211 3980 8.
2245 3914 2326 3979 13
2372 3918 2629 4000 passim.

737 4141 788 4185 c.
841 4119 900 4183 6.
929 4118 990 4183 4.
1059 4120 1139 4182 In
1201 4142 1264 4182 eo
1317 4119 1683 4201 captivorum
1730 4140 1965 4181 numero
1994 4118 2183 4203 fabri
2230 4118 2471 4203 quidam
2501 4120 2696 4204 fuere
2713 4167 2729 4197 ,
2780 4122 3018 4184 adsueti

647 4227 692 4298 f
698 4248 777 4289 or
793 4232 817 4288 ί
833 4247 864 4288 e
911 4227 1078 4305 apud
1121 4224 1347 4287 Poenos
1390 4225 1648 4290 mercede
1696 4245 1841 4305 opus
1888 4223 1954 4285 in
2000 4244 2137 4286 arce
2182 4223 2503 4287 Locrorum
2530 4226 2771 4310 facere.

736 4330 1135 4394 Adverbium
1163 4330 1376 4414 forte,
1435 4329 1603 4413 quod
1648 4329 1822 4393 deest
1867 4331 1936 4392 in
1982 4329 2269 4393 Puteano
2286 4380 2303 4411 ,
2351 4333 2660 4418 remigret
2704 4333 2774 4395 in
2820 4350 3015 4395 suum

644 4435 857 4500 locum
917 4437 1101 4499 iuxta
1134 4424 1150 4436 “
1143 4434 1365 4521 fabri,
1428 4454 1580 4499 nam
1645 4436 1987 4521 captivitas
2033 4433 2320 4499 ·fortuita
2382 4435 2506 4500 dici
2570 4440 2817 4523 potest,
2889 4456 3013 4501 non
