3351 5463
595 379 725 448 416
852 471 861 480 ο
1285 401 1371 449 nr.
1420 400 1760 449 mmmm
1803 399 2268 450 nomcoaun

596 572 773 633 tatur
820 569 1089 634 heroicis
1107 615 1124 646 ,
1172 569 1240 632 in
1285 575 1590 654 promptu
1626 574 1764 634 erat
1799 572 1938 635 viro
1977 553 2345 654 Meg-arensi
2360 617 2378 647 ‚
2420 571 2604 634 euius
2641 569 2986 654 ingenium

594 673 737 740 odio
755 722 773 752 ‚
812 678 889 738 ut
924 679 1092 740 recte
1130 671 1349 740 monet
1394 673 1864 740 vWilamowitz
1895 676 1962 756 ¹),
2003 680 2356 752 acueretur,
2397 680 2609 740 totum
2645 673 2863 739 locum
2899 673 2987 738 ad

594 780 1012 844 Pisistratum
1058 779 1322 857 referre,
1371 798 1409 844 a
1455 801 1579 863 quo
1626 780 1991 845 confectum
2037 787 2174 845 erat
2220 779 2465 846 bellum
2500 785 2771 865 ,propter
2806 778 2988 844 Sala-

594 887 833 948 minem
878 889 1247 969 susceptum
1273 883 1347 965 3).
1388 884 1527 964 Quo
1565 885 1806 951 accedit
1843 888 2041 951 etiam
2079 886 2221 950 hoc.
2261 885 2441 951 Alios
2471 906 2568 952 vs.
2597 884 2729 951 558
2761 883 2990 950 Soloni

592 992 894 1056 tribuisse
935 1011 1127 1076 supra
1163 991 1448 1056 vidimus
1463 1039 1481 1069 ‚
1524 990 1692 1077 quod
1729 993 1928 1057 etiam
1964 995 2285 1056 testantur
2321 990 2706 1056 Plutarchus
2741 993 2810 1054 in
2831 989 2988 1054 Vita

594 1095 721 1162 Sol.
772 1118 825 1161 c.
873 1095 977 1174 10,
1024 1096 1250 1162 Strabo
1294 1096 1411 1161 IX.
1460 1118 1514 1163 c.
1560 1098 1593 1161 1
1627 1095 1698 1178 ³),
1745 1095 2001 1162 Scholia
2037 1096 2192 1162 Ven.
2233 1097 2315 1162 ad
2352 1108 2396 1161 Β
2425 1096 2578 1174 494,
2622 1095 2774 1174 495,
2813 1099 2985 1160 inter

594 1223 751 1287 quos
822 1199 1048 1267 Strabo
1114 1222 1336 1266 rursus
1403 1223 1537 1267 esse
1603 1202 1803 1267 tradit
1861 1206 1974 1287 qui
2035 1223 2299 1268 versum
2362 1214 2405 1267 Β
2448 1201 2580 1267 558
2639 1203 2982 1266 Pisistrato

594 1308 955 1373 obtrudant.
1024 1306 1087 1371 N
1088 1310 1475 1373 arrationem
1541 1307 1617 1372 de
1689 1307 1920 1374 Solone
1984 1329 2018 1373 e
2089 1308 2416 1374 comoedia
2483 1309 2699 1373 Attica
2768 1305 2986 1391 aliqua

595 1413 932 1480 oriundam
969 1434 1105 1478 esse
1144 1419 1331 1498 putat
1376 1412 1728 1479 vLeeuwen
1753 1413 1826 1494 ⁴).
1874 1413 1970 1478 De
2008 1415 2335 1480 comoedia
2358 1416 2803 1490 verissimum,
2831 1433 2984 1476 nam

596 1520 768 1605 apud
834 1518 1209 1584 Strabonem
1278 1519 1692 1605 Megarenses
1751 1541 1877 1604 quo
1939 1541 2065 1586 vss.
2133 1531 2176 1584 B
2223 1517 2375 1597 55¹7,
2442 1518 2572 1584 558
2632 1519 2988 1583 refutarent

598 1624 1181 1706 ,,ὥντιπαρῳδῆσαι”
1231 1625 1532 1690 dicuntur
1569 1624 1730 1690 duos
1768 1647 1993 1692 versus
2031 1626 2266 1710 quibus
2309 1646 2458 1691 cum
2498 1624 2988 1710 Megarensium

597 1734 861 1797 civitate
909 1733 1248 1795 coniuncta
1285 1731 1756 1816 proponebatur
1795 1730 2073 1796 Salamis
2100 1734 2174 1814 ⁵).
2225 1731 2349 1796 Sed
2393 1733 2713 1795 incertum
2760 1734 2989 1793 utrum

598 1836 792 1903 Solon
860 1859 939 1902 an
1006 1837 1383 1902 Pisistratus
1448 1841 1518 1902 in
1588 1838 1914 1903 comoedia
1982 1837 2096 1903 illa
2165 1835 2663 1903 Atheniensium
2727 1855 2988 1902 causam

600 1945 825 2028 egerit.
882 1941 1030 2008 Veri
1091 1947 1307 2008 tamen
1374 1941 1653 2008 similius
1717 1942 2022 2008 Solonem
2077 1945 2303 2029 egisse.
2353 1943 2521 2008 Nam
2565 1945 2634 2007 in
2680 1946 2989 2027 promptu

566 2055 696 2127 ‚est
742 2049 868 2112 huc
914 2049 1147 2113 referre
1192 2048 1527 2114 Plutarchi
1573 2042 2002 2114 narrationem
2050 2050 2125 2114 de
2173 2050 2427 2115 arbitris
2469 2048 2990 2114 Lacedaemoniis

602 2156 715 2240 qui
776 2155 1271 2220 Atheniensibus
1333 2154 1726 2222 Salaminem
1787 2155 2148 2221 addixerint
2173 2157 2247 2236 ⁶),
2309 2161 2529 2220 contra
2579 2154 2990 2240 Megarenses

603 2260 682 2324 ab
744 2261 825 2324 iis
886 2261 1189 2324 invocati.
1252 2259 1639 2325 Plutarchus
1702 2263 1875 2325 enim
1893 2310 1909 2339 ,
1962 2261 2067 2327 vel
2114 2262 2403 2347 quisquis
2450 2262 2509 2325 ei
2539 2266 2780 2326 ‘auctor
2825 2260 2953 2324 fuit
2970 2307 2989 2338 ,

606 2366 761 2429 dicit
823 2385 957 2429 esse
1020 2367 1131 2448 qui
1177 2365 1449 2430 referant
1494 2364 1793 2430 Solonem
1840 2366 1920 2430 ad
1964 2367 2236 2432 arbitros
2281 2367 2396 2430 hos
2444 2364 2750 2431 fallendos
2768 2413 2782 2442 ,
2832 2385 2992 2450 quos

607 2473 887 2556 quinque
948 2492 1217 2535 numero
1279 2473 1661 2535 nominatim
1723 2471 1856 2536 edit
1874 2520 1890 2549 ‚
1947 2492 2043 2537 vs.
2087 2483 2130 2535 Β
2159 2469 2290 2537 558
2336 2474 2407 2535 in
2453 2476 2709 2536 textum
2755 2469 2992 2535 Home-

603 2578 812 2639 ricum
880 2578 1217 2640 invexisse.
1289 2575 1423 2642 Ed..
1481 2575 1712 2662 Meyer
1736 2581 1789 2657 ⁷)
1861 2582 1926 2641 et
1993 2575 2222 2641 Busolt
2277 2599 2340 2642 v.
2368 2577 2428 2641 d.
2455 2577 2508 2657 8)
2578 2576 2995 2653 Lacedaemo-

604 2683 859 2746 niorum
908 2681 1249 2746 arbitrium
1294 2702 1441 2749 vere
1462 2756 1471 2763 ⁶
1490 2681 1805 2747 traditum
1850 2687 2082 2767 putant
2097 2729 2113 2759 ‚
2164 2687 2228 2773 et
2274 2681 2420 2747 ficta
2465 2685 2725 2746 tantum
2760 2680 2875 2746 illa
2913 2680 2992 2746 de

604 2787 911 2851 Homero.
984 2785 1107 2851 Sed
1168 2788 1313 2851 haec
1369 2788 1425 2851 si
1471 2808 1549 2851 ex
1596 2788 1920 2852 comoedia
1968 2787 2181 2872 aliqua
2228 2793 2380 2851 sunt
2427 2788 2764 2871 desumpta
2783 2833 2798 2863 ‚
2835 2804 2995 2850 ‘con-

606 2898 983 2957 sentaneum
1032 2898 1127 2956 est
1175 2894 1373 2957 etiam
1421 2892 1489 2956 id
1536 2892 1705 2977 quod
1752 2916 1958 2956 amcam
1999 2893 2096 2957 his
2143 2894 2378 2957 dedisse
2425 2893 2693 2957 traditwr
2737 2914 2771 2957 e
2817 2892 2995 2958 fonte

608 2998 866 3062 fluxisse
928 2997 1154 3063 eodem
1177 3002 1250 3077 ⁹).
1300 2996 1668 3072 Verisimile
1717 3019 1868 3084 ergo
1915 3000 1984 3063 in
2029 2998 2142 3063 ffla
2188 2998 2548 3077 comoedia,
2598 3019 2723 3083 qua
2767 2998 2996 3063 illude-

604 3258 709 3306 fieri
755 3273 850 3307 non
902 3260 1063 3321 potest
1113 3257 1230 3321 quin
1278 3272 1442 3306 versus
1489 3260 1651 3306 noster
1696 3264 1802 3321 post
1847 3257 2054 3307 insulam
2101 3273 2129 3306 a
2171 3256 2346 3307 Solone
2381 3259 2699 3322 expugnatam
2735 3257 2800 3305 sit
2834 3260 2994 3307 natus.

605 3340 746 3403 Quod
780 3338 1039 3401 neglexisse
1073 3338 1263 3388 videtur
1297 3342 1556 3389 vLeeuwen
1590 3338 1743 3388 Ench.
1781 3340 1908 3389 Dict.
1943 3340 2031 3404 Ep.
2067 3355 2113 3405 p.
2149 3353 2259 3388 xxx
2292 3338 2343 3387 in
2377 3354 2489 3388 ann.

673 3422 727 3485 1)
761 3419 833 3471 1.1.
866 3437 913 3485 Ρ.
950 3422 1064 3470 258.

672 3502 724 3563 2)
759 3502 844 3551 Ed.
882 3503 1053 3565 Meyer
1087 3503 1256 3551 Gesch.
1292 3504 1371 3551 des
1405 3502 1614 3551 Alterth.
1649 3502 1705 3552 II
1737 3518 1784 3567 p.
1822 3502 1934 3551 646.
1972 3502 2144 3551 Busolt
2179 3503 2266 3550 Gr.
2302 3501 2471 3551 Geseh.
2509 3502 2563 3550 11
2596 3518 2642 3566 p.
2680 3503 2794 3551 808.

552 3566 563 3577 ⁰
674 3585 727 3647 3)
761 3570 1025 3633 Plutarcho
1060 3587 1303 3633 auctorem
1338 3584 1417 3632 hic
1450 3600 1549 3633 esse
1586 3584 1910 3649 Hermippum
1941 3583 2318 3633 Oallimaeheum
2347 3584 2426 3644 (cf.
2459 3583 2569 3633 Car.
2603 3584 2751 3633 Miill.
2781 3583 2842 3631 fr.
2863 3582 3008 3633 Hist.

606 3668 693 3714 Gr.
730 3666 812 3715 111
848 3682 895 3729 p.
931 3668 1019 3728 35)
1064 3666 1179 3715 satis
1224 3670 1403 3714 temere
1449 3664 1653 3714 coniecit
1699 3665 2051 3714 vWilamowitz
2084 3665 2154 3713 l.l.
2190 3681 2238 3729 p.
2275 3666 2400 3723 239;
2435 3664 2606 3714 Strabo
2644 3664 2864 3714 dubitare
2898 3679 2998 3713 uon

606 3747 719 3795 licet
745 3748 861 3811 quin
891 3747 1105 3796 hauserit
1134 3762 1191 3796 ex
1218 3746 1510 3811 Apollodoro
1547 3747 1627 3807 (de
1661 3747 1856 3796 navium
1891 3747 2129 3810 catalogo)
2169 3746 2345 3795 saeculi
2379 3745 2432 3794 11
2467 3763 2509 3796 a.
2543 3746 2660 3795 Chr.
2680 3762 2727 3795 n.
2759 3746 2998 3811 scriptore

607 3828 690 3892 (cf.
731 3828 878 3878 Miill.
914 3829 983 3879 l.l.
1019 3830 1045 3877 I
1079 3845 1126 3894 p.
1158 3842 1371 3888 xxxvm,
1404 3828 1487 3891 qui
1520 3832 1685 3877 tamen
1719 3831 1940 3877 nostrum
1974 3828 2131 3877 locum
2167 3828 2346 3877 iniuria
2383 3827 2608 3893 omittit).

673 3911 731 3975 4)
767 3910 961 3958 Euchir.
1001 3910 1127 3959 Dict.
1162 3910 1251 3976 Ep.
1285 3926 1334 3974 p.
1368 3924 1453 3959 Ην
1487 3910 1571 3959 Ed.
1616 3911 1764 3959 Hom.
1799 3911 1859 3958 ad
1895 3916 1927 3957 B
1949 3910 2060 3961 557.

678 3992 731 4057 5)
766 3989 893 4049 A’e‘oec
928 3989 973 4039 δ’
1010 3988 1066 4040 ἐκ
1098 3992 1377 4053 Σαλαμῖνος
1412 3990 1534 4054 ἄγεν
1570 3989 1684 4049 νέαις
1717 3989 1775 4039 ’ἐκ
1809 4008 1868 4040 τε
1902 3992 2187 4053 Πολίχνης,
2220 3990 2277 4041 ’ἐκ
2307 3993 2360 4040 τ’
2380 3989 2742 4055 Αἷγειρούσσκς
2769 3990 2993 4041 Νισαίων

609 4091 667 4122 τε
701 4071 949 4135 Τριπόδων
983 4090 1059 4126 τε.
1652 4084 1659 4093 ’

678 4156 729 4219 6)
770 4156 884 4204 Vita
917 4156 1014 4205 Sol.
1047 4172 1087 4205 c.
1126 4156 1204 4206 10.

678 4236 733 4302 7)
772 4238 841 4288 l.1.
876 4238 934 4286 11
968 4256 1016 4303 p.
1052 4239 1165 4288 645.

678 4322 735 4385 8)
769 4319 841 4369 l.l.
875 4321 929 4370 ΙΙ
959 4338 1006 4386 p.
1040 4321 1151 4370 248.

676 4405 733 4466 9)
770 4404 1017 4467 Nusquam
1062 4406 1465 4454 commemoratur
1509 4402 1604 4453 nisi
1647 4406 1812 4453 nostro
1846 4404 1950 4453 loco
1985 4406 2032 4452 et
2065 4405 2191 4468 apud
2226 4404 2414 4453 Aelian.
2459 4405 2511 4455 V.
2553 4405 2618 4453 H.
2658 4405 2774 4455 VH.
2812 4406 2891 4457 19.
2926 4434 2996 4446 —

611 4486 791 4539 Verum
824 4488 895 4535 est
923 4484 1052 4536 inter
1086 4485 1397 4539 Athenienses
1425 4489 1479 4535 et
1518 4485 1836 4553 Mitylenaeos
1869 4485 2124 4550 aliquando
2153 4486 2392 4539 arbitrum
2421 4482 2658 4539 exstitisse
2674 4486 2996 4541 Periandrum
