3351 5463
1000 385 1209 435 oonnx
1256 384 1491 434 Arum
1537 385 2026 436 nonmmmus.
2573 365 2704 436 217

406 554 495 618 ib.
542 551 675 618 noli
719 551 1059 637 parricidio
1106 553 1365 636 nuptias
1413 553 1750 636 auspicari.
1793 549 2065 616 uulnera
2101 550 2216 616 illa
2257 572 2532 636 quorum
2571 573 2707 618 san-

310 661 586 745 guinem
634 665 747 722 tue
789 658 1055 723 lacrime
1101 647 1521 742 proluerunt(
1546 679 1672 722 non
1719 662 1871 723 sunt
1919 662 2054 722 tota
2100 658 2392 722 dentium
2439 657 2708 723 uulnera

310 763 429 828 sed
472 763 689 830 lancea
736 761 894 850 mali
933 761 1214 828 thassilli
1254 784 1357 828 me
1398 764 1519 827 tibi
1556 763 1706 828 fecit
1745 763 2045 849 111161111111.ι
2097 763 2182 828 Et
2220 763 2462 828 addidit
2501 769 2710 829 cetera

310 890 700 953 omnemque
748 888 1001 934 scenam
1040 867 1296 932 sceleris
1335 867 1684 932 illuminat.
1737 869 1824 932 At
1860 867 1977 932 illa
2016 869 2269 932 audiens
2308 877 2383 934 ut
2421 872 2706 953 primum

310 980 525 1039 mesta
587 977 921 1059 quieuerat
980 974 1167 1038 thoro
1227 974 1459 1039 faciem
1518 976 1832 1058 impressa
1892 997 2011 1038 non
2058 975 2378 1039 dormiens
2424 973 2709 1040 lacrimis

310 1081 767 1146 emanantibus
835 1099 1030 1166 genas
1094 1079 1467 1143 cohumidat
1530 1083 1593 1143 et
1647 1080 1835 1142 uebud
1893 1079 2171 1163 quodam
2235 1086 2554 1145 tormento
2615 1083 2708 1146 in-
2815 1103 2824 1112 ·

308 1188 535 1271 quieta
596 1189 811 1270 quiete
871 1205 1135 1250 excussa
1197 1184 1380 1248 luctu
1426 1187 1822 1270 reintegrato
1869 1185 2197 1271 prolixum
2245 1185 2446 1250 eiulat
2493 1186 2710 1252 discis·

306 1311 510 1376 saque
570 1291 880 1356 interrula
928 1290 1153 1355 decora
1200 1290 1459 1355 brachia
1504 1292 1861 1376 decorasque
1900 1313 2087 1371 ⁸qcnas
2134 1291 2530 1356 seuientibus
2576 1292 2709 1379 pal-

310 1395 523 1461 mulis
568 1397 1000 1462 conuerberat.
2474 1385 2486 1400 '

408 1502 443 1566 3
482 1508 715 1568 autem
737 1525 815 1568 ex
855 1502 1308 1568 lacunosorum
1350 1502 1643 1566 codicum
1682 1501 1955 1567 lectione
1995 1504 2155 1587 quod
2184 1503 2437 1566 audiens
2469 1505 2711 1567 Charite

303 1611 589 1674 retinuit
636 1609 907 1672 audiens,
960 1607 1140 1673 Idem
1191 1607 1357 1671 fflud
1404 1610 1824 1693 participium
1870 1606 2186 1693 Neapolit.
2239 1605 2444 1674 CLXI
2491 1611 2708 1693 inepto

303 1715 457 1782 loco
495 1717 800 1792 inseruit,
844 1736 929 1780 sc.
970 1719 1116 1800 post
1154 1737 1373 1778 omnem
1410 1713 1843 1800 praecedentis
1886 1715 2252 1779 sententiae.
2296 1711 2464 1780 Cum
2487 1713 2709 1780 eodem

304 1820 528 1886 codice
574 1823 808 1905 repetit
851 1825 997 1905 post
1045 1822 1257 1884 decora
1302 1819 1549 1884 brachia
1595 1820 1825 1884 uerba:
1878 1822 2122 1884 decoras
2159 1841 2366 1900 qenes.

410 2008 487 2074 In
546 2009 687 2076 cdd.
750 2029 906 2094 quos
968 2030 1095 2073 non
1139 2011 1277 2094 ipse
1324 2008 1495 2085 uidi,
1546 2005 1787 2072 scilicet
1831 2009 1900 2072 in
1947 2007 2136 2071 altero
2196 2007 2705 2092 Guefferbytano,

306 2119 383 2179 111
432 2115 783 2192 Dresdeusi,
829 2113 1137 2190 Palatino,
1197 2113 1539 2190 Oxoniemss
1590 2113 1928 2193 Anqbicano
1947 2161 1964 2189 ,
2029 2117 2191 2194 teste
2239 2113 2707 2203 Hildebrandio,

305 2220 534 2286 eadem
585 2225 763 2285 extat
807 2219 1036 2284 lacuna
1082 2225 1274 2304 atque
1321 2221 1390 2282 in
1435 2219 1750 2303 Guefferb.
1786 2218 1993 2300 priore
2033 2222 2099 2283 et
2138 2221 2208 2282 in
2247 2219 2431 2284 libris
2471 2219 2529 2282 V
2522 2215 2708 2282 &netis

307 2328 565 2392 duobus
585 2375 601 2402 ,
664 2326 892 2391 desunt
956 2328 1128 2390 enim
1191 2325 1387 2389 uerba
1450 2345 1487 2389 a
1545 2347 1750 2388 uerum
1802 2325 1997 2406 paulo
2060 2345 2261 2410 usque
2319 2324 2401 2390 ad
2443 2327 2707 2389 initium

306 2455 451 2518 cap.
504 2431 674 2496 VIII.
735 2431 902 2498 Item
946 2434 1015 2496 in
1063 2430 1263 2496 altero
1306 2429 1445 2496 loco
1492 2426 1705 2504 Guelf.
1757 2432 1947 2514 prior,
1999 2429 2179 2506 alter,
2231 2429 2452 2495 Dresd.
2504 2429 2705 2495 Oxon.

304 2537 453 2602 Pal.
484 2537 532 2617 ¹)
593 2537 847 2624 Anglic.
898 2558 1049 2602 cum
1094 2536 1278 2601 libris
1325 2535 1583 2600 Venetis
1632 2538 1849 2599 omnia
1887 2537 2201 2601 omittunt
2237 2537 2406 2600 111161
2445 2535 2706 2599 ahenum

307 2649 379 2709 et
458 2645 701 2707 decoras
755 2666 942 2724 qenes
962 2690 979 2719 ‚
1062 2662 1258 2727 quam
1316 2642 1617 2706 lacunam
1683 2639 1941 2726 explent
2001 2639 2169 2706 illis:
2237 2643 2396 2726 quod
2454 2641 2708 2706 audiens

320 2750 592 2815 Charite.

406 2938 527 3003 Ex
569 2938 699 3003 his
746 2958 949 3022 quae
997 2937 1471 3003 adtulimus
1509 2937 1769 3006 facile
1810 2939 2217 3003 efficitur
2257 2937 2459 3002 duas
2499 2937 2709 3002 codi-
2775 2971 2779 2975 -

312 3066 503 3111 cum
548 3043 864 3119 classes
911 3065 1131 3121 esse,
1180 3043 1540 3109 alteram
1586 3066 1822 3121 uer0,
1890 3065 2095 3129 quae
2141 3046 2224 3108 in
2269 3043 2453 3109 loco
2499 3042 2708 3108 lacu-

310 3171 515 3215 noso
582 3149 985 3215 lacunosa
1051 3152 1199 3227 sit,
1271 3152 1658 3234 quamuis
1719 3149 1969 3236 longe
2031 3152 2395 3235 itinere,
2462 3151 2708 3234 origi-

312 3276 503 3320 nem
548 3254 847 3319 ducere
892 3253 1031 3319 uel
1077 3276 1170 3320 ex
1209 3255 1261 3319 F
1299 3261 1488 3341 post
1535 3257 1929 3321 amissam
1967 3253 2466 3319 schedulam
2506 3252 2706 3318 folii

317 3356 506 3435 160i,
551 3363 695 3423 aut
742 3379 835 3423 ex
882 3366 937 3439 Φ
984 3365 1427 3445 antequam
1474 3382 1563 3425 ea
1610 3381 1820 3445 quae
1865 3361 2149 3424 scriba
2196 3362 2277 3423 in
2326 3358 2705 3444 exemplo

311 3468 367 3531 F
416 3487 573 3531 non
618 3468 1074 3531 inuenerat
1120 3487 1417 3553 manus
1463 3468 1900 3533 recentior
1946 3469 2475 3532 restitueret.

408 3649 872 3737 Comparemus
931 3657 1150 3716 autem
1211 3652 1658 3737 supplementa
1719 3654 1933 3739 qualia
1997 3654 2172 3718 dedit
2236 3653 2320 3731 φ2
2382 3674 2532 3717 611111
2577 3652 2710 3717 illis

312 3778 479 3844 quae
525 3756 833 3843 leguntur
878 3760 948 3821 in
994 3758 1047 3821 δ.
1097 3758 1289 3822 Prius
1335 3779 1490 3823 uero
1538 3759 1969 3825 confitendum
2017 3764 2113 3823 est
2158 3780 2236 3823 ne
2273 3761 2413 3843 ipsa
2449 3760 2709 3847 quidem

308 3863 751 3929 additamenta
796 3862 1027 3926 codicis
1077 3861 1427 3927 Florentini
1473 3864 1833 3949 corruptela
1879 3866 2140 3931 omnino
2188 3884 2418 3929 carere.
2489 3863 2709 3930 Lectio

310 3971 494 4035 enim
552 3969 667 4031 heu
724 3968 841 4030 heu
901 3968 1098 4031 ciulac
1142 3968 1367 4054 procul
1412 3968 1605 4033 dubio
1652 3969 1813 4034 falsa
1860 3975 1991 4047 est,
2042 3991 2195 4035 cum
2242 3971 2374 4033 iam
2419 3971 2560 4054 ipsa
2604 3991 2711 4034 ue-

381 4178 439 4241 1)
474 4179 588 4227 Non
622 4178 763 4227 uideo
796 4178 912 4241 quid
949 4177 1040 4227 sibi
1078 4178 1288 4227 uoluerit
1323 4178 1732 4237 Hildebrandius,
1767 4194 1876 4229 cum
1912 4178 2168 4229 scriberet:
2212 4179 2508 4228 „uerisimile
2543 4183 2617 4228 est
2653 4181 2710 4229 P.

303 4260 417 4310 eod.
469 4260 614 4310 ctiam
660 4260 731 4308 ita
776 4260 1043 4319 aberrasse,
1094 4276 1381 4324 quamquam
1427 4262 1551 4309 Oud.
1587 4243 1733 4309 aliter
1769 4258 1985 4310 enotat.”
2017 4262 2143 4310 Oud.
2176 4261 2368 4309 disertis
2405 4261 2562 4310 uerbis
2596 4277 2708 4325 pro-

300 4345 501 4393 fitetur:
554 4357 732 4405 ‚usque
774 4342 833 4389 ad
877 4342 1207 4390 emanantibus
1254 4343 1424 4389 desunt
1470 4340 1521 4389 111
1557 4342 1657 4390 Pal.
1699 4342 1942 4390 Paraeano
1960 4379 1974 4400 ,
2009 4358 2064 4391 ac
2100 4342 2257 4391 Guelf.
2295 4358 2387 4390 ecc.
2423 4342 2475 4389 111
2509 4341 2706 4404 quibus:

300 4424 536 4474 alienun
594 4424 731 4477 Quod
769 4422 968 4472 audiens
1022 4421 1223 4487 Charite
1266 4424 1462 4472 decoras
1500 4437 1648 4486 ymas
1662 4460 1677 4483 ,
1710 4423 2009 4473 intermediis
2043 4438 2210 4472 rursus
2244 4422 2432 4472 omissis
2449 4459 2464 4481 ‚
2495 4422 2710 4472 saeuien-

302 4506 441 4556 tibae
467 4504 696 4569 palmulis
727 4501 1057 4555 adnabat?
