3351 5463
1298 380 1797 442 memoramus.
2593 365 2726 431 343

346 550 413 614 in
459 548 519 613 R
562 548 889 634 neglecto:
939 545 1311 627 Τιμαχίδας
1364 547 1439 617 ὥς
1489 545 1834 625 ταρακτὸς,
1882 545 2257 622 καθειμένος.
2304 545 2373 610 τὸ
2413 547 2476 611 δὲ
2518 547 2728 627 ἑτέρως

349 654 684 732 λεγόμενον
746 653 921 728 δηλοῖ
979 654 1048 717 τὸ
1111 647 1225 717 οἷον
1295 651 1747 715 καθάπτεσθαι.
1791 650 1914 716 Sed
1959 673 2145 717 nemo
2189 653 2343 717 haec
2389 655 2562 737 capit
2606 657 2733 718 nisi

346 764 492 845 post
536 759 847 837 ταρακτός
894 757 1231 822 claudatur
1278 759 1594 857 sente-ntia
1612 803 1629 834 ,
1680 758 1784 820 cui
1831 756 2028 822 altera
2073 757 2490 843 subiungitur
2527 759 2732 824 obser—

346 868 518 931 vatio
589 864 991 950 praecedenti
1053 864 1366 929 contraria
1392 911 1409 940 ,
1478 862 1887 928 scribendum
1958 884 2093 929 esse
2158 862 2474 936 καθαπτος
2495 912 2512 941 ,
2584 885 2734 930 118111

348 970 563 1036 valere
623 970 993 1058 καθειμένον,
1057 969 1366 1046 vestitum,
1432 968 1754 1032 καθαπτόν
1801 990 1954 1034 vero
2001 973 2328 1055 oxytonon
2375 970 2732 1054 significare

348 1097 498 1142 eum
548 1078 659 1161 (1111
691 1075 893 1157 possit
937 1074 1166 1138 vestiri.
1220 1110 1305 1124 -
1356 1071 1451 1140 Of.
1503 1095 1557 1138 e.
1584 1095 1649 1160 g.
1701 1073 2174 1140 Kiihner-Blass
2219 1075 2462 1160 griech.
2503 1073 2730 1142 Gram-

348 1181 559 1247 matik
604 1182 635 1246 I
678 1204 743 1267 p.
793 1179 945 1245 538.

438 1399 542 1465 Ad
585 1420 679 1465 vs.
734 1395 929 1463 1235.
974 1396 1366 1463 Fabularum
1404 1367 1902 1483 Euripidearum
1940 1396 2216 1462 exordiis
2256 1363 2417 1463 dum
2452 1399 2733 1486 Aeschy—

349 1505 453 1570 lus
492 1504 831 1589 subiungit
868 1501 1033 1566 illud
1074 1502 1351 1575 ληκύθιον
1390 1503 1732 1581 ἀπώλεο-εν,
1771 1502 2097 1589 Dionysus
2133 1505 2269 1568 ioco
2307 1523 2493 1581 usus,
2538 1525 2729 1589 quem

350 1609 592 1674 salsum
652 1629 793 1674 esse·
844 1607 1194 1672 admodum
1240 1629 1369 1672 non
1422 1608 1798 1673 contendam
1845 1609 2142 1693 equidem
2160 1657 2177 1687 ,
2227 1609 2305 1674 ad
2351 1609 2730 1695 Euripidem

348 1735 688 1781 conversus
750 1713 938 1779 dicit:
1003 1736 1036 1776 o
1096 1714 1273 1791 bone,
1338 1712 1428 1776 ἔτι
1491 1713 1595 1776 καὶ
1646 1718 1749 1777 νῦν
1797 1713 2020 1786 ἀπόδος
2068 1713 2243 1798 πασῃ
2290 1714 2518 1798 τέχνῃ,
2570 1737 2729 1802 (11186
2806 1785 2810 1789 ,
2851 1775 2862 1784 .

346 1820 539 1886 verba
601 1840 637 1884 a
696 1819 927 1884 multis
986 1817 1328 1884 infeliciter
1388 1822 1634 1884 tentata
1695 1821 1882 1884 unice
1944 1825 2114 1886 recte
2177 1824 2402 1907 opinor
2455 1822 2731 1908 explicat

348 1925 664 1992 scholion:
729 1925 985 1999 λήκυθον
1031 1925 1199 2003 αὐτῷ
1249 1922 1477 1995 ἀπόδος
1526 1924 1665 1988 ἀντὶ
1715 1931 1826 1998 τῆς
1877 1925 2286 2002 ἀπολομένης.
2334 1926 2616 2004 ἐπιλέγει
2667 1925 2731 1990 δὲ

352 2031 586 2112 ,λήψει
653 2031 871 2107 ὀβολοῦ
937 2027 1099 2093 πάνυ
1164 2030 1436 2103 καλήν”.
1493 2030 1708 2112 Pelopi
1756 2037 1857 2094 tuo
1904 2030 2090 2094 aliam
2139 2031 2302 2094 ocius
2349 2033 2532 2095 redde
2579 2029 2731 2115 lecy-

350 2137 513 2200 thum
537 2157 658 2216 pro
696 2158 766 2200 ea
804 2157 979 2220 quam
1018 2135 1286 2198 amisi-sce
1326 2135 1555 2198 dicitur
1564 2164 1592 2210 ,·
1640 2135 1757 2198 vibi
1790 2137 1996 2217 pretio
2033 2136 2102 2200 in
2123 2137 2282 2221 foro
2321 2159 2504 2200 emere
2528 2145 2726 2219 potes.

351 2239 492 2306 Hoc
540 2242 736 2305 etiam
782 2243 850 2304 in
892 2238 953 2303 R
990 2239 1243 2317 dicitur,
1281 2238 1471 2325 paulo
1512 2240 1771 2306 brevius
1810 2245 2046 2305 tamen.
2096 2239 2341 2306 Deinde
2378 2262 2530 2306 vero
2570 2263 2729 2327 quae

348 2351 703 2432 sequuntur
759 2347 829 2409 in
889 2345 950 2409 R
1009 2346 1274 2410 desunt:
1338 2346 1439 2410 διὰ
1504 2345 1732 2410 τούτων
1780 2346 1842 2410 δὲ
1890 2348 1918 2410 ὅ
1971 2345 2257 2417 Διόνυσος
2307 2347 2599 2425 ἐμφαίνει
2645 2351 2727 2418 ὦς

350 2453 555 2526 ἐπειδὴ
618 2451 679 2514 ἒν
738 2457 869 2522 τοῖς
928 2451 1253 2530 προλόγοις
1314 2459 1443 2522 τοῖς
1499 2459 1627 2523 σοῖς
1693 2451 2047 2519 ἀποδίδοται
2099 2454 2133 2525 ή
2183 2453 2438 2527 λήκυθος
2464 2500 2480 2532 ,
2525 2450 2726 2533 ὥσπερ

350 2559 543 2628 δοκεῖς
605 2556 797 2630 αὐτὴν
854 2556 1130 2634 ὀφείλειν
1192 2556 1515 2636 Αἰσχύλῳ.
1582 2559 1790 2620 οὐκοῦν
1838 2557 2161 2636 ἀγοράσας
2211 2556 2450 2632 ταύτην
2497 2559 2725 2630 ἀπόδος

348 2665 537 2743 αὐτῷ.
602 2661 775 2743 Quae
836 2665 924 2726 sic
971 2662 1274 2729 videntur
1320 2683 1455 2727 esse
1500 2662 1806 2749 legenda:
1856 2662 2063 2736 ἐπειδὴ
2113 2663 2173 2725 ἐν
2223 2671 2352 2735 τοῖς
2402 2663 2725 2744 προλόγοις

346 2778 474 2841 τοῖς
534 2777 661 2840 σοῖς
722 2768 1200 2834 ἀπόλλυται
1268 2770 1303 2843 ἧ
1368 2770 1659 2846 λήκυθος,
1719 2765 1918 2847 ὥσπερ
1968 2754 2162 2839 δοκεῒὲ
2210 2771 2405 2841 αὐτὴν
2454 2770 2727 2849 ὀφείλειν

348 2874 682 2955 Αἱσχύλῳε
747 2874 1023 2958 quoniam
1084 2873 1153 2937 in
1212 2874 1333 2937 tuis
1380 2874 1655 2956 proloqis
1697 2873 1869 2956 perit
1913 2867 2036 2938 isia
2085 2874 2356 2956 ampulla
2373 2923 2390 2952 ,
2442 2876 2730 2960 Aeschylo

349 3004 473 3045 eam
534 2980 739 3043 debere
799 2981 1218 3065 quodammodo
1282 2980 1408 3043 diei
1458 2987 1635 3063 potes
1652 3006 1671 3043 .-
1720 2979 1862 3043 huic
1906 2980 2097 3061 iqitur
2143 2980 2307 3044 ocius
2353 3004 2480 3045 eam
2524 2982 2725 3047 redde.

348 3084 519 3165 Quae
584 3089 680 3149 est
739 3086 1065 3149 annotatio
1112 3084 1393 3150 hominis
1442 3084 1670 3156 ἀπόδος
1719 3084 1885 3151 illud
1931 3106 2263 3171 perperam
2309 3107 2461 3152 cum
2503 3086 2730 3152 multis

348 3190 723 3277 explicantis
769 3192 951 3254 redde
999 3191 1301 3274 Aescky
1320 3191 1413 3255 Ζο.

438 3400 539 3465 Ad
586 3398 858 3486 Dionysi
904 3400 1099 3465 verba
1145 3420 1241 3466 vs.
1294 3399 1501 3466 1245.

803 3506 1097 3583 ἀπολεῖς,
1147 3506 1267 3585 ἐρεῖ
1310 3506 1434 3584 γὰρ
1488 3502 1811 3582 »ληκύθιον
1858 3504 2218 3570 οἶπώλεσεν”

348 3613 415 3676 111
456 3609 712 3676 scholiis
750 3610 1121 3677 observatur
1160 3610 1291 3675 ἐπεὶ
1336 3613 1402 3676 οὗ
1442 3611 1772 3690 προσέθηκε
1811 3613 1894 3692 τῷ
1937 3612 2271 3693 ήμιστιχίῳ
2297 3613 2366 3677 τὸ
2409 3614 2731 3692 »ληκύθιον

351 3716 738 3793 obduco-6⁹⁹2
788 3716 1087 3788 πεποίηκε
1133 3715 1236 3779 τὸν
1287 3714 1573 3781 Διόνυσον
1620 3712 1818 3795 ὥσπερ
1869 3715 2322 3798 ὑφαρπάζοντα
2367 3719 2473 3781 ’τὸν
2521 3719 2728 3798 λόγον.

349 3819 541 3885 Deest
604 3825 825 3885 autem
883 3822 952 3884 in
1013 3820 1071 3884 R
1123 3820 1244 3884 hoc
1292 3819 1607 3897 scholion,
1658 3820 1829 3905 quod
1875 3840 2073 3905 quam
2122 3823 2209 3887 sit
2254 3823 2417 3889 utile
2468 3826 2581 3890 vix
2627 3844 2733 3911 ap-

348 3930 562 4009 paret,
628 3929 1004 4010 corruptum
1066 3928 1239 3990 enim
1302 3931 1398 3994 est
1462 3925 1809 4005 προσέθηκε.
1860 3927 1947 3990 At
1997 3929 2052 3991 si
2098 3930 2168 3992 in
2215 3952 2261 3993 π
2278 3929 2688 4010 ροσήρμοζ
2699 3954 2730 3994 ε

343 4030 413 4094 1(1
471 4033 856 4107 mutaveris,
919 4032 1299 4117 prudentem
1364 4032 1523 4095 hanc
1584 4032 1844 4097 habebis
1911 4033 2462 4099 observationem:
2533 4057 2727 4111 „cum

347 4136 499 4201 huic
544 4136 682 4201 loco
730 4138 1006 4210 ληκύθιον
1050 4136 1216 4202 11111(1
1261 4157 1385 4201 11011
1431 4141 1642 4222 posset
1689 4137 2010 4222 adaptari,
2076 4138 2532 4223 Aristophanes
2578 4139 2727 4204 Dio-

347 4262 587 4327 nysum
645 4241 838 4306 finem
901 4240 1216 4326 colloquio
1275 4245 1602 4328 imponere
1661 4242 1876 4306 fecit''.
1923 4242 2029 4308 Sic
2077 4245 2248 4307 enim
2295 4244 2489 4309 finem
2535 4245 2728 4311 habet

302 4330 556 4433 iocus,
622 4349 735 4432 qui
794 4362 872 4412 ne
933 4349 1127 4413 nimis
1192 4347 1303 4411 diu
1370 4349 1849 4433 protraheretur
1911 4350 2267 4414 cavendum
2329 4370 2461 4415 esse
2523 4353 2727 4415 sensit

350 4473 649 4519 comicus.
