3351 5463
1280 371 1722 430 1181180888.
1925 361 1932 369 ·
2537 355 2671 426 393

287 544 533 612 factum
606 549 692 612 sit
710 593 737 622 ,,
796 545 915 612 illa
987 547 1351 614 observatio
1368 595 1385 624 ,
1472 547 1549 611 de
1618 567 1744 632 qua
1813 564 2004 632 supra
2075 545 2360 610 diximus
2376 593 2392 622 ‚
2467 544 2672 609 docet.

289 649 596 718 Ceterum
660 651 736 716 de
798 653 891 716 eis
908 699 926 730 ,
982 671 1142 738 quae
1203 657 1347 737 post
1402 649 1654 732 πότερον
1701 658 1819 717 τῶν
1866 653 2001 731 ἀρκ.
2049 634 2466 736 requiruntur
2508 649 2676 716 nihil

292 755 461 822 dixit
505 758 733 822 Paton.

374 863 465 928 ib.
530 867 621 948 (p.
654 887 661 894 ·
690 859 843 940 364,
870 859 985 942 25)
1058 861 1235 927 ἀλλὰ
1304 861 1545 943 τυφλὸς
1617 863 1645 927 ὃ
1716 865 1983 933 πλοῦτος
2045 861 2147 926 καὶ
2213 860 2524 932 ἄπλουτος
2583 861 2678 924 ita

286 967 547 1052 scripsi:
612 967 790 1031 ἀλλὰ
848 967 1095 1047 τυφλὸς
1156 967 1185 1046 ἆ
1250 972 1518 1039 πλοῦτος
1581 966 1678 1033 D:
1746 969 1896 1032 ἀλλ’
1955 966 2268 1039 ἄπλουτος
2329 967 2358 1030 ὃ
2408 968 2676 1036 πλοῦτος

288 1075 503 1138 881811.
564 1072 759 1164 Recte
823 1093 929 1139 me
991 1074 1321 1157 scripsisse
1387 1072 1615 1147 docent
1659 1095 1724 1158 p.
1774 1071 1905 1138 226
1924 1093 1980 1137 8.
2030 1071 2162 1138 528
2179 1093 2234 1137 a.
2286 1068 2494 1137 6791).
2545 1069 2675 1136 Vit.

287 1178 444 1264 Lyc.
510 1199 565 1243 c.
634 1177 741 1242 10.
804 1177 1041 1265 Bergk.
1091 1177 1155 1244 II
1213 1200 1277 1264 p.
1328 1175 1461 1243 470
1506 1179 1584 1243 fr.
1634 1175 1744 1244 20.
1805 1178 2052 1243 Nauck.
2095 1199 2162 1263 p.
2212 1176 2343 1242 606
2393 1177 2470 1242 fr.
2523 1173 2675 1243 ¹776.

288 1283 494 1349 Kock.
542 1281 607 1346 ΙΙ
670 1305 733 1369 p.
784 1281 919 1349 242
980 1284 1059 1351 fr.
1109 1281 1219 1350 23.
1279 1283 1369 1349 id.
1430 1283 1525 1348 111
1569 1306 1632 1369 p.
1684 1282 1770 1348 26
1817 1283 1895 1348 fi.
1944 1281 2052 1348 83.
2115 1281 2414 1348 Leutsch.
2463 1281 2678 1347 adnot.

289 1388 370 1454 ad
414 1387 689 1454 Macarii
734 1387 798 1466 8,
828 1387 936 1454 60.

378 1493 475 1562 Ib.
538 1515 573 1560 c
634 1493 817 1575 (365,
849 1491 961 1575 15)
1024 1494 1434 1561 scribendum
1494 1499 1591 1560 est
1646 1495 1704 1558 εἴ
1752 1493 1819 1559 δὲ
1867 1495 1953 1559 τὰ
1998 1493 2112 1572 μὲν
2159 1495 2462 1573 ἀρκοῦντα
2511 1493 2680 1558 κοινὰ

291 1606 409 1666 τῶν
458 1600 767 1666 πλουσίων
815 1600 921 1665 καὶ
970 1605 1086 1666 τῶν
1136 1601 1226 1678 μὴ
1273 1601 1579 1666 πλουσίων
1628 1600 1783 1665 ἔστί.
1831 1599 1905 1665 In
1951 1598 2010 1665 D
2059 1605 2158 1665 est
2209 1606 2325 1665 τῶν
2368 1600 2457 1676 μὴ
2497 1612 2682 1662 πλου-

289 1705 435 1770 σίων
493 1726 608 1790 pro
670 1711 785 1770 τῶν
841 1720 953 1770 πλ.
1003 1705 1109 1770 καὶ
1159 1712 1276 1770 τῶν
1322 1707 1411 1783 μὴ
1438 1720 1595 1784 ’πλ.,
1643 1708 1716 1771 in
1763 1707 1989 1772 ceteris
2037 1707 2142 1770 καὶ
2191 1711 2306 1770 τῶν
2354 1705 2680 1770 πλουσίων.

288 1809 472 1890 Quod
534 1812 605 1874 in
665 1809 943 1876 editione
1004 1811 1306 1895 supplevi
1364 1810 1467 1876 καὶ
1533 1811 1651 1878 τῶν
1717 1813 1804 1888 μὴ
1869 1826 1982 1875 πλ.
2032 1810 2136 1875 κα)
2187 1816 2304 1874 τῶν
2350 1809 2677 1889 πλουσίων,

292 1915 729 1981 criminandus
769 1932 944 1980 eram
984 1936 1105 2002 ego
1142 1937 1269 1981 non
1308 1916 1535 1995 codex;
1576 1938 1615 1981 a
1652 1919 1865 2002 priore
1903 1921 2019 1980 τῶν
2060 1916 2265 1981 scriba
2301 1915 2380 1980 ad
2403 1915 2683 1980 alterum

289 2027 409 2086 τῶν
447 2023 536 2099 μὴ
584 2022 924 2087 aberravit.
967 2020 1091 2087 sed
1130 2024 1437 2106 quoniam
1462 2022 1632 2087 κοινά
1655 2021 2005 2107 praecedit,
2032 2023 2322 2106 proxime
2343 2023 2683 2104 insequens

292 2126 397 2191 καὶ
470 2128 667 2191 etiam
727 2129 798 2191 in
859 2126 1123 2192 Patonis
1186 2127 1463 2192 editione
1522 2148 1782 2213 prorsus
1847 2129 2129 2193 otiosum
2189 2131 2307 2192 est.
2359 2163 2445 2176 —-
2503 2124 2685 2205 Quod

296 2236 519 2297 autem
580 2229 770 2316 paulo
833 2238 981 2317 post
1024 2228 1351 2312 .(365,1’7)
1400 2232 1754 2318 supplendo
1802 2231 1878 2298 ἂν
1925 2233 2181 2317 scripsit
2229 2231 2331 2296 καὶ
2383 2231 2486 2294 τὸν
2509 2227 2688 2294 Σκό-

297 2361 424 2401 παν
474 2335 551 2402 ἂν
600 2339 703 2402 τὸν
741 2338 1041 2402 θεσσαλὸν
1076 2336 1434 2409 ἐπαινέταις
1475 2343 1667 2422 atque
1708 2337 1785 2403 de
1819 2339 2139 2422 scriptura
2174 2339 2244 2401 in
2281 2337 2685 2401 Praefatione

291 2464 354 2528 p.
414 2459 535 2506 xm
594 2441 987 2527 disputavit,
1050 2447 1127 2506 ut
1190 2441 1422 2506 codicis
1482 2441 1542 2506 D
1603 2441 1944 2508 lectionem
2006 2443 2109 2506 καὶ
2173 2442 2276 2505 τὸν
2325 2452 2438 2508 Σκ.
2481 2441 2584 2506 τὸν
2633 2441 2688 2504 θ.

284 2548 569 2618 ἐπαινεῖς
650 2567 774 2612 808
865 2548 1211 2634 genuinam
1280 2547 1390 2612 sed
1456 2547 1907 2633 interpolatam
1979 2567 2114 2612 esse
2183 2547 2684 2623 demonstraret,

292 2654 584 2739 graviter
626 2656 859 2718 erravt.
923 2651 1239 2738 Apodosis
1302 2653 1475 2716 enim
1534 2675 1658 2718 non
1722 2658 1821 2718 est
1882 2653 1985 2716 καὶ
2049 2653 2152 2718 τὸν
2218 2653 2477 2718 Σκόπαν
2541 2665 2684 2717 κτλ.

293 2759 405 2825 88(1
466 2754 575 2836 ὅρα
635 2760 723 2835 μη
786 2761 1073 2836 πομπην·
1158 2759 1325 2844 (111οᾱ
1385 2762 1441 2823 81
1502 2780 1631 2825 8011
1690 2762 1786 2825 ita
1845 2765 2046 2837 essct,
2117 2780 2231 2824 cur
2294 2761 2364 2823 in
2425 2754 2533 2837 δ’ρα
2599 2746 2686 2834 μη

297 2866 554 2941 πομπην
602 2863 781 2929 nulla
827 2869 993 2929 esset
1040 2862 1444 2929 coniunctio?

389 2992 455 3056 p.
509 2967 693 3036 52'7f
726 2968 908 3050 (366,
937 2968 1051 3051 25)
1099 2972 1355 3055 scripsit
1399 2971 1691 3046 τοιαύτην
1739 2971 1770 3035 ὃ
1808 2975 2078 3042 πλοῦτος
2118 2970 2510 3048 εὐδαιμονίαν
2551 2965 2689 3050 ἔχει

303 3077 535 3141 θεατῶν
599 3073 703 3141 καὶ
768 3074 1089 3156 μαρτύρων
1151 3074 1184 3149 ἢ
1251 3076 1322 3141 τὸ
1384 3076 1573 3152 μηδὲν
1619 3072 1828 3143 οὖσαν.
1875 3078 2028 3141 ἀλλ’
2075 3075 2290 3142 οἰκεῖόν
2337 3100 2416 3154 γε
2464 3074 2537 3139 τὸ
2583 3098 2694 3137 σω-

303 3187 543 3260 Φρονεῒν
604 3182 674 3246 τὸ
738 3180 1129 3260 Φιλοσοφεῒν.
1193 3182 1263 3245 τὸ
1325 3180 1452 3260 γὰρ
1517 3182 1885 3260 γιγνώσκειν
1946 3177 1990 3247 ἃ
2039 3180 2138 3247 δεῖ
2179 3181 2313 3260 περὶ
2362 3182 2523 3258 θεῶν,
2573 3177 2692 3244 κᾶν

303 3284 576 3365 λανθάνῃ
637 3284 887 3359 πάντας
949 3285 1329 3366 ἀνθρώπους,
1390 3284 1537 3354 ἴδιον
1599 3287 1669 3362 δὴ
1718 3287 1911 3359 σέλας
1959 3284 2134 3367 ἔχει,
2182 3285 2288 3349 καὶ
2335 3285 2584 3367 φέγγος
2633 3285 2693 3349 ἐν

300 3401 379 3472 τῇ
444 3394 630 3471 ψυχῇ
693 3390 873 3468 μέγα
934 3390 1039 3455 καὶ
1104 3392 1315 3471 χαρὰν
1379 3400 1545 3458 ποιεῖ
1601 3392 1868 3458 σύνοικον
1921 3394 2082 3473 αὐτῇ
2132 3390 2207 3456 δι’
2258 3391 2502 3465 ἑαυτῆς.
2532 3391 2696 3455 ἀντι-

305 3496 763 3577 λαμβανομένῃ
818 3498 1120 3574 τάγαθοῦ.
1185 3497 1473 3564 varietas
1518 3498 1842 3564 Lectionis
1895 3499 2105 3583 potior
2149 3497 2305 3562 haec
2351 3500 2466 3561 881.
2536 3496 2694 3560 Post

307 3604 630 3683 μαρτύρων
693 3602 839 3667 add.
902 3597 990 3674 οἷς
1054 3602 1151 3667 δεῖ
1206 3606 1398 3668 πᾶσιν
1461 3605 1885 3681 ἐμπομπεύειν
1949 3604 2133 3667 αὐτὸν
2181 3601 2240 3667 D
2287 3621 2440 3667 cum
2484 3600 2696 3666 codice

306 3707 550 3773 Veneto
588 3711 677 3786 (n.
705 3705 885 3788 511).
933 3744 1019 3757 —
1058 3707 1145 3773 ib.
1188 3704 1401 3792 οὖσαν]
1446 3710 1608 3774 ἐστιν
1649 3709 1730 3774 D.
1773 3746 1860 3759 --
1901 3711 2052 3773 ἀλλ’
2078 3706 2290 3772 οἰκεῖόν
2330 3732 2409 3784 γε
2446 3707 2691 3772 Paton:

307 3811 461 3883 ἀλλ’
525 3812 647 3891 οὐχ
712 3808 913 3890 ὅμοιόν
974 3837 1053 3890 γε
1116 3812 1175 3878 D
1220 3835 1372 3879 cum
1418 3814 1551 3881 cod.
1597 3814 1790 3891 ,Vena
1838 3811 2038 3893 ὅμοιόν
2084 3837 2162 3891 γε
2211 3814 2425 3878 ceteri.
2472 3848 2558 3861 -
2603 3810 2697 3875 ib.

308 3918 437 3996 γὰρ
498 3917 729 3991 Paton.
782 3954 864 3967 —-
914 3918 1003 3982 ib.
1069 3918 1215 4001 κᾶν]
1278 3921 1454 3985 ἀλλὰ
1506 3918 1623 3985 κᾶν
1669 3919 1750 3985 D.
1804 3956 1886 3969 —
1935 3921 2024 3985 ib.
2075 3918 2146 3991 δὴ
2191 3919 2430 3983 Paton:
2478 3916 2698 3980 omisit

311 4021 405 4088 D:
470 4021 533 4086 δὲ
580 4024 795 4087 ceteri.
866 4058 952 4071 -
1012 4024 1102 4087 ib.
1151 4024 1314 4105 αύτῇ
1364 4024 1439 4088 δι’
1488 4026 1712 4097 ἑαυτῆς
1757 4024 1994 4091 Paton:
2043 4026 2209 4104 αὐτῇ
2255 4022 2316 4085 ἐν
2364 4022 2552 4100 ἑαυτῇ
2599 4018 2695 4083 D:

314 4128 509 4201 αὐτὴν
570 4126 797 4202 ἑαυτῆς
856 4126 1110 4213 reliqui.
1172 4128 1249 4193 In
1310 4131 1542 4215 quibus
1561 4178 1577 4209 ,
1640 4132 1698 4195 81
1757 4132 1920 4212 αὐτῇ
1986 4127 2063 4193 δι’
2132 4128 2355 4198 ἑαυτῆς
2419 4126 2659 4209 excipis
2677 4173 2694 4203 ‚

311 4252 474 4317 quae
518 4233 873 4299 rectissime
917 4234 1172 4318 scripsit
1189 4280 1206 4313 ‚
1254 4237 1470 4299 omnia
1515 4239 1723 4301 cetera
1761 4233 1921 4299 falsa
1962 4238 2131 4298 sunt.
2179 4232 2478 4296 Primum
2521 4232 2698 4297 enim

309 4337 507 4403 verba
568 4333 655 4409 οἷς
715 4336 812 4401 δεῖ
853 4362 902 4402 οι·
920 4340 963 4403 ἀ
982 4360 1106 4403 σιν
1152 4338 1299 4419 (1108
1343 4344 1605 4426 propter
1646 4342 1986 4425 insequens
2032 4335 2282 4408 πάντας
2325 4335 2697 4416 ἀνθρώπους)

313 4442 740 4521 ἐμπομπεύειν
810 4441 999 4509 αὐτόν
1058 4447 1412 4511 necessaria
1472 4450 1623 4511 81181
1683 4446 2032 4513 conferenti
2089 4462 2254 4529 quae
2313 4438 2504 4525 paulo
2550 4444 2698 4525 post

1896 4570 1909 4581 '
2340 4561 2404 4609 26
