3351 5463
1453 381 1685 430 Livius.
2674 369 2757 432 21

383 543 664 608 cedentis
735 543 1030 610 vocabuli
1101 545 1340 608 exercit'
1414 551 1478 609 et
1549 568 1749 625 cyrum
1809 567 1924 630 pro
1988 547 2361 631 compendio
2417 531 2639 628 eyrium
2683 576 2763 600 =

382 647 698 730 eqreyium.
747 649 1022 713 Etiamsi
1069 652 1194 734 ipsi
1238 653 1584 727 intereant,
1633 656 1905 735 possunt
1944 657 2159 715 tamen
2199 651 2461 737 gloriari
2500 676 2565 718 se
2583 703 2599 731 ‚
2642 661 2758 718 tam

371 777 604 838 paucos
650 756 714 840 (ᾗ
739 754 827 836 6),
874 757 1208 843 integrum
1255 776 1537 828 servasse
1585 759 1961 821 exercitum.

1265 988 1521 1055 Liber
1580 989 1881 1054 XXVIII.

474 1199 528 1242 c.
580 1176 687 1242 28.
717 1177 778 1242 8.
843 1178 961 1240 Sed
1005 1179 1210 1240 horum
1261 1175 1637 1257 (liberorum
1686 1183 2075 1258 vestrorum)
2123 1203 2347 1264 quoque
2392 1182 2723 1244 memoriam
2742 1231 2759 1258 ,

375 1284 537 1346 sieut
569 1285 822 1365 patriae
864 1284 1089 1367 meique
1109 1331 1122 1358 ,
1173 1283 1466 1346 eieceritis
1505 1306 1578 1346 ea·
1617 1285 1839 1347 animis
1877 1287 2089 1348 vestris
2106 1311 2124 1347 .·
2170 1287 2326 1348 viam
2367 1286 2607 1350 consibii
2645 1309 2762 1352 sce-

377 1387 564 1450 lerati
581 1436 597 1464 ‚
645 1409 676 1449 s
691 1409 722 1450 e
737 1389 781 1450 d
823 1411 866 1450 n
882 1409 914 1450 o
929 1411 972 1450 n
1017 1389 1102 1450 ad
1144 1387 1416 1450 ultimum
1461 1391 1774 1465 dementis,
1828 1391 2065 1474 exsequi
2111 1391 2261 1455 volo.

472 1490 643 1558 Cum
689 1493 900 1577 Scipio
948 1491 1328 1557 sceleratum
1374 1494 1666 1558 militum
1713 1495 2053 1560 consilium
2098 1497 2167 1558 in
2215 1497 2435 1566 eadem
2482 1499 2760 1561 oratione

375 1597 578 1662 semel
621 1600 986 1682 iterumque
1033 1601 1498 1684 nuncupaverit
1527 1600 1815 1683 furorem
1862 1607 1925 1664 et
1972 1601 2286 1664 amentiam
2304 1649 2319 1678 ,
2369 1605 2524 1687 quin
2564 1605 2760 1667 etiam

373 1703 680 1766 commissa
741 1725 890 1787 quae
947 1702 1078 1765 sine
1113 1703 1390 1784 piaculis
1434 1703 1773 1783 inqentibus
1819 1705 2059 1786 expiari
2106 1713 2456 1790 nequeant,
2507 1707 2758 1791 aliaque

373 1807 618 1872 similia
663 1805 796 1887 (27.
827 1807 888 1873 6.
923 1807 1024 1871 11.
1058 1808 1140 1870 12
1188 1808 1320 1888 al.),
1385 1831 1554 1874 nunc
1599 1831 1834 1895 negare
1880 1833 2005 1887 non
2051 1817 2261 1895 potest
2309 1833 2441 1878 esse
2487 1813 2756 1878 ultimae

375 1913 768 1990 dementiae,
837 1935 1040 1998 neque
1104 1916 1401 2000 negavit,
1468 1913 1576 1977 sed
1636 1915 1807 1980 dixit
1860 1915 2307 1981 seditionis
2368 1921 2453 1982 ad
2494 1920 2607 1982 ult.
2661 1921 2758 1982 de-

373 2019 611 2082 mentis.
652 2017 960 2083 Vocabuli
999 2019 1447 2102 compendium
1486 2020 1790 2098 (sedition’
1830 2021 1936 2086 vel
1972 2002 2227 2102 sedicn’)
2252 2023 2421 2087 male
2446 2023 2755 2108 explicuit

370 2124 675 2188 librarius
735 2146 864 2188 non
923 2124 1216 2188 indoctus
1271 2107 1358 2188 et'
1383 2145 1630 2189 memor
1678 2126 2119 2192 huiuscemodi
2165 2127 2291 2192 loci
2338 2127 2446 2192 23.
2474 2129 2534 2192 2.
2565 2128 2606 2192 4
2652 2129 2756 2191 im-

362 2229 598 2310 probus
660 2230 822 2291 homo
841 2277 856 2304 ,
927 2231 1033 2292 sed
1097 2251 1217 2291 non
1287 2230 1370 2291 ad
1428 2237 1745 2293 extremum
1795 2233 2095 2314 perditas.
2168 2233 2464 2298 Militum
2512 2235 2755 2299 facinus

378 2334 762 2399 seditionem
807 2332 1156 2419 appellavit
1202 2336 1401 2398 etiam
1444 2337 1512 2398 in
1560 2335 1666 2399 26.
1701 2335 1803 2400 15.

466 2573 520 2615 c.
566 2550 673 2616 29.
703 2553 763 2614 4.
815 2551 1144 2614 Insanistis
1179 2553 1464 2634 profecto
1482 2600 1498 2628 ‚
1550 2552 1770 2615 milites
1790 2602 1805 2629 ,
1856 2575 1961 2614 nec
1996 2553 2187 2616 maior
2224 2555 2291 2615 in
2328 2577 2535 2634 corpus
2570 2577 2754 2618 meum
2847 2565 2855 2570 '

370 2659 465 2720 vis
511 2657 730 2734 morbi,
783 2680 956 2741 quam
1001 2657 1066 2718 in
1116 2664 1342 2719 vestras
1388 2664 1607 2719 mentes
1654 2657 1899 2720 invasit.
1947 2659 2177 2721 Horret
2219 2659 2453 2722 animus
2496 2662 2750 2745 referre,

367 2766 524 2850 quid
593 2762 959 2826 crediderint
1025 2764 1064 2825 Ιι
1081 2785 1112 2825 0
1131 2763 1370 2825 mines
1387 2812 1404 2839 ,
1477 2764 1626 2847 quid
1692 2765 2099 2846 speraverint,
2174 2766 2323 2849 quid
2382 2767 2752 2846 optaverint.-

367 2871 625 2954 auferat
682 2868 878 2931 onmia
939 2868 1064 2930 ista
1123 2868 1308 2930 irrita
1373 2868 1588 2931 oblivio
1649 2868 1706 2931 si
1740 2876 1974 2949 potest,
2025 2870 2082 2931 si
2128 2892 2272 2947 non,
2325 2878 2631 2955 utcumque
2674 2872 2752 2933 si—

371 2974 626 3037 lentium
675 2980 852 3053 teyat.

461 3081 586 3143 Pro
652 3079 852 3159 inepto
920 3078 1180 3140 homines
1247 3057 1435 3157 (lices)
1505 3077 1940 3162 reponendum
2008 3080 2093 3140 ho
2110 3086 2287 3145 stes.
2358 3079 2449 3149 Hi
2519 3063 2747 3165 nempe

364 3186 702 3271 sperabant
742 3184 875 3248 fore
914 3188 989 3247 ut
1028 3205 1177 3247 cum
1225 3183 1541 3247 seditiosis
1581 3182 1901 3247 militibus
1936 3188 2270 3247 strenuum
2294 3188 2746 3270 imperatorem

360 3291 602 3355 finibus
663 3292 968 3365 eicerent,
1027 3309 1222 3373 quam
1268 3309 1483 3373 spem,
1531 3291 1740 3363 nimis,
1780 3290 2134 3352 ominosam
2155 3337 2170 3364 ,
2220 3289 2447 3353 referre
2492 3291 2743 3368 horret,

362 3395 475 3460 sed
541 3402 758 3459 tamen
823 3398 887 3459 et
931 3394 1037 3458 hic
1086 3400 1151 3457 et
1198 3392 1355 3457 alibi
1402 3397 1566 3457 tecte
1617 3392 1859 3456 indicat
1906 3392 2224 3457 similibus
2270 3395 2513 3458 verbis:
2566 3393 2673 3460 27.
2704 3394 2741 3459 5

360 3500 518 3584 quid
561 3499 714 3562 enim
759 3521 860 3562 vos
878 3547 894 3576 ,
943 3498 1067 3561 nisi
1113 3500 1271 3582 quod
1312 3498 1594 3578 Iliqertes
1641 3505 1699 3561 et
1740 3498 2068 3575 Lacetani,
2118 3505 2225 3561 aut
2272 3500 2523 3580 optastis
2570 3501 2747 3565 aliud

360 3611 472 3667 aut
517 3604 825 3685 sperastis.

454 3828 510 3870 c.
563 3805 670 3870 42.
702 3802 760 3869 ’7.
810 3804 1013 3867 Fraus
1040 3806 1234 3886 fidem
1280 3804 1347 3866 in
1381 3805 1602 3885 parvis
1647 3805 1763 3867 sibi
1800 3805 2168 3886 praestruit,
2210 3812 2278 3868 ut
2317 3812 2546 3884 <cum
2584 3829 2669 3889 op
2688 3830 2742 3871 e-

354 3934 498 3976 rae
529 3910 894 3993 pretium
940 3910 1128 3988 sit>
1173 3932 1301 3972 cum
1345 3911 1604 3973 mercede
1649 3933 1865 3989 mayna
1894 3910 2126 3994 fallat.

451 4016 578 4095 Qui
622 4014 910 4079 iracundi
955 4010 1148 4077 Fabii
1177 4016 1527 4078 orationem
1570 4013 1904 4099 relegerit,
1947 4018 2207 4101 egregia
2246 4021 2395 4095 arte⁴
2419 4016 2497 4079 ad
2534 4021 2740 4082 severi

351 4126 418 4187 et
483 4140 684 4205 pauca
729 4119 1052 4203 loquentis
1100 4120 1228 4182 viri
1273 4121 1611 4203 ingenium
1658 4120 2028 4204 adaptatam
2076 4141 2146 4184 ac
2193 4123 2490 4205 gnomica
2537 4123 2738 4187 brevi-

349 4232 488 4291 tate
549 4226 908 4309 insignem,
974 4245 1232 4288 mecum
1294 4224 1572 4288 censebit
1633 4246 1783 4289 eum
1850 4225 2119 4289 dixisse:
2165 4226 2365 4310 fraus
2556 4249 2736 4307 prae-

343 4333 573 4409 struit,
639 4338 708 4393 ut
772 4354 898 4393 cum
959 4332 1218 4393 mercede
1278 4353 1489 4410 maqna
1542 4332 1777 4415 fallat,
1829 4330 2072 4415 reliqua
2118 4331 2375 4395 fluxisse
2425 4354 2501 4396 ex
2549 4353 2735 4397 anno-

343 4439 596 4504 tatione
642 4434 990 4522 marginali
1035 4435 1113 4499 ad
1159 4454 1267 4499 vv.
1319 4458 1444 4499 cum
1489 4438 1749 4499 mercede
1794 4459 2008 4515 mayna
2053 4434 2437 4522 explicanda.
