<?xml version="1.0" encoding="UTF-8"?>
<!DOCTYPE html PUBLIC "-//W3C//DTD XHTML 1.0 Transitional//EN"
    "http://www.w3.org/TR/xhtml1/DTD/xhtml1-transitional.dtd">
<html xmlns="http://www.w3.org/1999/xhtml" xml:lang="en" lang="en">
 <head>
  <title>
</title>
<meta http-equiv="Content-Type" content="text/html;charset=utf-8" />
  <meta name='ocr-system' content='tesseract 3.04.00' />
  <meta name='ocr-capabilities' content='ocr_page ocr_carea ocr_par ocr_line ocrx_word'/>
</head>
<body>
  <div class='ocr_page' id='page_1' title='image "./mnemosynevolume04verdgoog_0044.png"; bbox 0 0 3351 5463; ppageno 0'>
   <div class='ocr_carea' id='block_1_1' title="bbox 744 340 2125 408">
    <p class='ocr_par' dir='ltr' id='par_1_1' title="bbox 744 340 2125 408">
     <span class='ocr_line' id='line_1_1' title="bbox 744 340 2125 408; baseline -0.003 0"><span class='ocrx_word' id='word_1_1' title='bbox 744 340 832 408; x_wconf 81' lang='lat'>34</span> <span class='ocrx_word' id='word_1_2' title='bbox 1734 355 2125 406; x_wconf 68' lang='lat' dir='ltr'>mscmus.</span> 
     </span>
    </p>
   </div>
   <div class='ocr_carea' id='block_1_2' title="bbox 743 521 3133 1560">
    <p class='ocr_par' dir='ltr' id='par_1_2' title="bbox 835 521 2577 612">
     <span class='ocr_line' id='line_1_2' title="bbox 835 521 2577 612; baseline -0.003 -22"><span class='ocrx_word' id='word_1_3' title='bbox 835 525 1118 612; x_wconf 76' lang='lat' dir='ltr'>Septem.</span> <span class='ocrx_word' id='word_1_4' title='bbox 1161 521 1289 589; x_wconf 84' lang='lat'>753</span> <span class='ocrx_word' id='word_1_5' title='bbox 1338 523 1450 588; x_wconf 73' lang='grc' dir='ltr'><strong><em>τίν’</em></strong></span> <span class='ocrx_word' id='word_1_6' title='bbox 1497 521 1719 602; x_wconf 67' lang='grc' dir='ltr'><strong><em>ἀνδρῶν</em></strong></span> <span class='ocrx_word' id='word_1_7' title='bbox 1765 521 1889 600; x_wconf 72' lang='grc' dir='ltr'>γὰρ</span> <span class='ocrx_word' id='word_1_8' title='bbox 1933 521 2160 586; x_wconf 75' lang='grc' dir='ltr'><strong><em>τοσόνδ’</em></strong></span> <span class='ocrx_word' id='word_1_9' title='bbox 2212 521 2577 599; x_wconf 71' lang='grc' dir='ltr'><strong><em>ἐθαύμασαν</em></strong></span> 
     </span>
    </p>

    <p class='ocr_par' dir='ltr' id='par_1_3' title="bbox 1330 624 2372 705">
     <span class='ocr_line' id='line_1_3' title="bbox 1330 624 2372 705; baseline 0 -13"><span class='ocrx_word' id='word_1_10' title='bbox 1330 628 1488 692; x_wconf 79' lang='grc' dir='ltr'><strong><em>θεοὶ</em></strong></span> <span class='ocrx_word' id='word_1_11' title='bbox 1541 628 1642 691; x_wconf 77' lang='grc' dir='ltr'><strong><em>καὶ</em></strong></span> <span class='ocrx_word' id='word_1_12' title='bbox 1698 624 1991 701; x_wconf 77' lang='grc' dir='ltr'><strong><em>ξυνέστιοι</em></strong></span> <span class='ocrx_word' id='word_1_13' title='bbox 2043 629 2296 705; x_wconf 80' lang='grc' dir='ltr'><strong><em>πόλεος,</em></strong></span> <span class='ocrx_word' id='word_1_14' title='bbox 2344 629 2372 692; x_wconf 82' lang='grc' dir='ltr'><em>ὃ</em></span> 
     </span>
    </p>

    <p class='ocr_par' dir='ltr' id='par_1_4' title="bbox 743 731 3133 1560">
     <span class='ocr_line' id='line_1_4' title="bbox 1332 731 2431 814; baseline 0 -18"><span class='ocrx_word' id='word_1_15' title='bbox 1332 733 1681 810; x_wconf 82' lang='grc' dir='ltr'><strong><em>πολύβοτός</em></strong></span> <span class='ocrx_word' id='word_1_16' title='bbox 1728 731 1793 794; x_wconf 89' lang='grc' dir='ltr'>τ’</span> <span class='ocrx_word' id='word_1_17' title='bbox 1844 734 1985 796; x_wconf 75' lang='grc' dir='ltr'><strong><em>αἰὼν</em></strong></span> <span class='ocrx_word' id='word_1_18' title='bbox 2031 735 2261 814; x_wconf 80' lang='grc' dir='ltr'><em>βροτῶν</em></span> <span class='ocrx_word' id='word_1_19' title='bbox 2314 753 2431 810; x_wconf 88' lang='lat'>—-;</span> 
     </span>
     <span class='ocr_line' id='line_1_5' title="bbox 745 832 3133 918; baseline -0.001 -12"><span class='ocrx_word' id='word_1_20' title='bbox 745 843 1070 907; x_wconf 78' lang='lat' dir='ltr'>Vitiosum</span> <span class='ocrx_word' id='word_1_21' title='bbox 1136 861 1268 905; x_wconf 87' lang='lat' dir='ltr'>esse</span> <span class='ocrx_word' id='word_1_22' title='bbox 1330 840 1441 903; x_wconf 74' lang='grc' dir='ltr'><strong><em>θεοὶ</em></strong></span> <span class='ocrx_word' id='word_1_23' title='bbox 1509 841 1579 904; x_wconf 88' lang='lat' dir='ltr'>in</span> <span class='ocrx_word' id='word_1_24' title='bbox 1640 839 1923 904; x_wconf 86' lang='lat' dir='ltr'>confesso</span> <span class='ocrx_word' id='word_1_25' title='bbox 1980 844 2094 902; x_wconf 80' lang='lat' dir='ltr'>est.</span> <span class='ocrx_word' id='word_1_26' title='bbox 2143 838 2441 904; x_wconf 86' lang='lat' dir='ltr'>Meineke</span> <span class='ocrx_word' id='word_1_27' title='bbox 2488 832 2607 902; x_wconf 74' lang='grc' dir='ltr'><strong><em>ὅσοι</em></strong></span> <span class='ocrx_word' id='word_1_28' title='bbox 2657 841 2962 918; x_wconf 77' lang='lat' dir='ltr'>coniecit,</span> <span class='ocrx_word' id='word_1_29' title='bbox 3014 840 3133 905; x_wconf 84' lang='lat' dir='ltr'>sed</span> 
     </span>
     <span class='ocr_line' id='line_1_6' title="bbox 743 943 3131 1021; baseline -0.001 -9"><span class='ocrx_word' id='word_1_30' title='bbox 743 951 835 1012; x_wconf 76' lang='lat' dir='ltr'>ita</span> <span class='ocrx_word' id='word_1_31' title='bbox 895 951 1007 1014; x_wconf 83' lang='lat' dir='ltr'>vix</span> <span class='ocrx_word' id='word_1_32' title='bbox 1067 946 1248 1011; x_wconf 87' lang='lat' dir='ltr'>locus</span> <span class='ocrx_word' id='word_1_33' title='bbox 1307 951 1404 1010; x_wconf 81' lang='lat' dir='ltr'>est</span> <span class='ocrx_word' id='word_1_34' title='bbox 1464 943 1729 1010; x_wconf 83' lang='lat' dir='ltr'>voculae</span> <span class='ocrx_word' id='word_1_35' title='bbox 1790 945 1932 1021; x_wconf 72' lang='lat' dir='ltr'><em>sext,</em></span> <span class='ocrx_word' id='word_1_36' title='bbox 1999 943 2329 1008; x_wconf 83' lang='lat' dir='ltr'>Wecklein</span> <span class='ocrx_word' id='word_1_37' title='bbox 2394 944 2630 1021; x_wconf 74' lang='grc' dir='ltr'><strong><em>ὀθνεῖοι,</em></strong></span> <span class='ocrx_word' id='word_1_38' title='bbox 2696 950 2763 1008; x_wconf 79' lang='lat' dir='ltr'>at</span> <span class='ocrx_word' id='word_1_39' title='bbox 2825 947 2881 1009; x_wconf 88' lang='lat' dir='ltr'>si</span> <span class='ocrx_word' id='word_1_40' title='bbox 2927 947 3131 1010; x_wconf 79' lang='lat' dir='ltr'>verba</span> 
     </span>
     <span class='ocr_line' id='line_1_7' title="bbox 747 1047 3131 1134; baseline -0.001 -17"><span class='ocrx_word' id='word_1_41' title='bbox 747 1055 948 1117; x_wconf 76' lang='grc' dir='ltr'><strong><em>ὀθνεῖοι</em></strong></span> <span class='ocrx_word' id='word_1_42' title='bbox 978 1080 1063 1100; x_wconf 82' lang='grc'>-·-</span> <span class='ocrx_word' id='word_1_43' title='bbox 1088 1049 1311 1120; x_wconf 80' lang='grc' dir='ltr'><strong><em>πόλεος</em></strong></span> <span class='ocrx_word' id='word_1_44' title='bbox 1384 1049 1810 1134; x_wconf 77' lang='lat' dir='ltr'>designabunt</span> <span class='ocrx_word' id='word_1_45' title='bbox 1867 1047 2215 1132; x_wconf 81' lang='lat' dir='ltr'>inquilinos</span> <span class='ocrx_word' id='word_1_46' title='bbox 2235 1096 2249 1124; x_wconf 92' lang='lat'><strong><em>,</em></strong></span> <span class='ocrx_word' id='word_1_47' title='bbox 2317 1048 2712 1113; x_wconf 75' lang='lat' dir='ltr'>desideratur</span> <span class='ocrx_word' id='word_1_48' title='bbox 2771 1051 3131 1114; x_wconf 87' lang='lat' dir='ltr'>necessaria</span> 
     </span>
     <span class='ocr_line' id='line_1_8' title="bbox 745 1152 3127 1239; baseline -0.002 -16"><span class='ocrx_word' id='word_1_49' title='bbox 745 1161 992 1224; x_wconf 89' lang='lat' dir='ltr'>civium</span> <span class='ocrx_word' id='word_1_50' title='bbox 1037 1158 1279 1221; x_wconf 84' lang='lat' dir='ltr'>mentio</span> <span class='ocrx_word' id='word_1_51' title='bbox 1297 1204 1312 1234; x_wconf 92' lang='lat'><em>,</em></span> <span class='ocrx_word' id='word_1_52' title='bbox 1363 1175 1476 1219; x_wconf 90' lang='lat' dir='ltr'>nec</span> <span class='ocrx_word' id='word_1_53' title='bbox 1522 1152 1735 1239; x_wconf 76' lang='lat' dir='ltr'>placet</span> <span class='ocrx_word' id='word_1_54' title='bbox 1782 1153 1954 1238; x_wconf 86' lang='lat' dir='ltr'>quod</span> <span class='ocrx_word' id='word_1_55' title='bbox 1999 1157 2218 1218; x_wconf 82' lang='lat' dir='ltr'>venire</span> <span class='ocrx_word' id='word_1_56' title='bbox 2260 1156 2460 1239; x_wconf 75' lang='lat' dir='ltr'>possit</span> <span class='ocrx_word' id='word_1_57' title='bbox 2498 1156 2566 1217; x_wconf 87' lang='lat' dir='ltr'>in</span> <span class='ocrx_word' id='word_1_58' title='bbox 2604 1160 2887 1219; x_wconf 72' lang='lat' dir='ltr'>mentem</span> <span class='ocrx_word' id='word_1_59' title='bbox 2942 1154 2971 1220; x_wconf 79' lang='grc' dir='ltr'>ἔ</span> <span class='ocrx_word' id='word_1_60' title='bbox 2988 1179 3025 1218; x_wconf 84' lang='grc' dir='ltr'><strong><em>τ</em></strong></span> <span class='ocrx_word' id='word_1_61' title='bbox 3044 1179 3127 1219; x_wconf 84' lang='grc' dir='ltr'>αι</span> 
     </span>
     <span class='ocr_line' id='line_1_9' title="bbox 749 1258 3131 1346; baseline -0.001 -19"><span class='ocrx_word' id='word_1_62' title='bbox 749 1265 877 1329; x_wconf 75' lang='grc' dir='ltr'><strong><em>καὶ.</em></strong></span> <span class='ocrx_word' id='word_1_63' title='bbox 936 1264 1274 1328; x_wconf 78' lang='lat' dir='ltr'>Praeterea</span> <span class='ocrx_word' id='word_1_64' title='bbox 1330 1261 1635 1325; x_wconf 76' lang='lat' dir='ltr'>ultimam</span> <span class='ocrx_word' id='word_1_65' title='bbox 1696 1260 1877 1324; x_wconf 79' lang='lat' dir='ltr'>verbi</span> <span class='ocrx_word' id='word_1_66' title='bbox 1940 1259 2306 1334; x_wconf 78' lang='grc' dir='ltr'><strong><em>ἐθαύμασαν</em></strong></span> <span class='ocrx_word' id='word_1_67' title='bbox 2368 1258 2685 1344; x_wconf 79' lang='lat' dir='ltr'>syllabam</span> <span class='ocrx_word' id='word_1_68' title='bbox 2747 1259 3131 1346; x_wconf 79' lang='lat' dir='ltr'>productam</span> 
     </span>
     <span class='ocr_line' id='line_1_10' title="bbox 747 1364 3132 1454; baseline -0.001 -21"><span class='ocrx_word' id='word_1_69' title='bbox 747 1371 943 1434; x_wconf 89' lang='lat' dir='ltr'>fuisse</span> <span class='ocrx_word' id='word_1_70' title='bbox 989 1366 1318 1454; x_wconf 82' lang='lat' dir='ltr'>probabile</span> <span class='ocrx_word' id='word_1_71' title='bbox 1364 1365 1574 1431; x_wconf 80' lang='lat' dir='ltr'>reddit</span> <span class='ocrx_word' id='word_1_72' title='bbox 1615 1385 1841 1431; x_wconf 86' lang='lat' dir='ltr'>versus</span> <span class='ocrx_word' id='word_1_73' title='bbox 1886 1365 2323 1430; x_wconf 78' lang='lat' dir='ltr'>antitheticus.</span> <span class='ocrx_word' id='word_1_74' title='bbox 2373 1364 2436 1428; x_wconf 89' lang='grc' dir='ltr'><strong>Ν</strong></span> <span class='ocrx_word' id='word_1_75' title='bbox 2437 1386 2518 1429; x_wconf 89' lang='lat' dir='ltr'>on</span> <span class='ocrx_word' id='word_1_76' title='bbox 2565 1365 2751 1430; x_wconf 80' lang='lat' dir='ltr'>video</span> <span class='ocrx_word' id='word_1_77' title='bbox 2798 1365 2952 1450; x_wconf 87' lang='lat' dir='ltr'>quid</span> <span class='ocrx_word' id='word_1_78' title='bbox 2995 1387 3132 1432; x_wconf 91' lang='lat' dir='ltr'>me-</span> 
     </span>
     <span class='ocr_line' id='line_1_11' title="bbox 746 1467 3129 1560; baseline -0.001 -21"><span class='ocrx_word' id='word_1_79' title='bbox 746 1475 874 1539; x_wconf 87' lang='lat' dir='ltr'>lius</span> <span class='ocrx_word' id='word_1_80' title='bbox 934 1474 1071 1560; x_wconf 88' lang='lat' dir='ltr'>legi</span> <span class='ocrx_word' id='word_1_81' title='bbox 1137 1474 1336 1557; x_wconf 86' lang='lat' dir='ltr'>possit-</span> <span class='ocrx_word' id='word_1_82' title='bbox 1398 1491 1592 1556; x_wconf 86' lang='lat' dir='ltr'>quam</span> <span class='ocrx_word' id='word_1_83' title='bbox 1655 1467 1864 1545; x_wconf 81' lang='grc' dir='ltr'><strong><em>ξένοι</em></strong></span> <span class='ocrx_word' id='word_1_84' title='bbox 1929 1470 2035 1535; x_wconf 83' lang='grc' dir='ltr'>καὶ</span> <span class='ocrx_word' id='word_1_85' title='bbox 2086 1467 2379 1545; x_wconf 80' lang='grc' dir='ltr'><strong><em>ξυνέστιοι</em></strong></span> <span class='ocrx_word' id='word_1_86' title='bbox 2428 1469 2685 1550; x_wconf 81' lang='grc' dir='ltr'><strong><em>πόλεος,</em></strong></span> <span class='ocrx_word' id='word_1_87' title='bbox 2737 1471 2905 1556; x_wconf 87' lang='lat' dir='ltr'>quod</span> <span class='ocrx_word' id='word_1_88' title='bbox 2952 1469 3129 1537; x_wconf 68' lang='lat' dir='ltr'>suasi</span> 
     </span>
    </p>
   </div>
   <div class='ocr_carea' id='block_1_3' title="bbox 749 1575 1330 1665">
    <p class='ocr_par' dir='ltr' id='par_1_5' title="bbox 749 1575 1330 1665">
     <span class='ocr_line' id='line_1_12' title="bbox 749 1575 1330 1665; baseline -0.005 -21"><span class='ocrx_word' id='word_1_89' title='bbox 749 1580 824 1644; x_wconf 78' lang='lat' dir='ltr'>E.</span> <span class='ocrx_word' id='word_1_90' title='bbox 850 1580 925 1644; x_wconf 93' lang='lat' dir='ltr'>A.</span> <span class='ocrx_word' id='word_1_91' title='bbox 975 1599 1123 1665; x_wconf 86' lang='lat' dir='ltr'>pag.</span> <span class='ocrx_word' id='word_1_92' title='bbox 1179 1575 1330 1658; x_wconf 77' lang='lat'><strong>125.</strong></span> 
     </span>
    </p>
   </div>
   <div class='ocr_carea' id='block_1_4' title="bbox 751 1787 3130 2497">
    <p class='ocr_par' dir='ltr' id='par_1_6' title="bbox 751 1787 3130 2497">
     <span class='ocr_line' id='line_1_13' title="bbox 842 1787 2179 1875; baseline -0.001 -21"><span class='ocrx_word' id='word_1_93' title='bbox 842 1789 1122 1875; x_wconf 68' lang='lat' dir='ltr'>Septem.</span> <span class='ocrx_word' id='word_1_94' title='bbox 1166 1787 1297 1853; x_wconf 89' lang='grc'>846</span> <span class='ocrx_word' id='word_1_95' title='bbox 1340 1788 1404 1852; x_wconf 78' lang='grc' dir='ltr'>ἰὼ</span> <span class='ocrx_word' id='word_1_96' title='bbox 1455 1787 1846 1865; x_wconf 79' lang='grc' dir='ltr'><strong><em>πολύστονοι,</em></strong></span> <span class='ocrx_word' id='word_1_97' title='bbox 1897 1787 2021 1851; x_wconf 82' lang='grc' dir='ltr'>τόδ’</span> <span class='ocrx_word' id='word_1_98' title='bbox 2070 1787 2179 1864; x_wconf 81' lang='grc' dir='ltr'><strong><em>εἷρ-</em></strong></span> 
     </span>
     <span class='ocr_line' id='line_1_14' title="bbox 1338 1890 2483 1976; baseline 0.001 -19"><span class='ocrx_word' id='word_1_99' title='bbox 1338 1891 1613 1971; x_wconf 72' lang='grc' dir='ltr'><strong><em>γοὶσασθ’</em></strong></span> <span class='ocrx_word' id='word_1_100' title='bbox 1659 1893 2049 1958; x_wconf 72' lang='grc' dir='ltr'><strong><em>ἄπιστον·</em></strong></span> <span class='ocrx_word' id='word_1_101' title='bbox 2102 1890 2241 1968; x_wconf 77' lang='grc' dir='ltr'><strong><em>ἦλθε</em></strong></span> <span class='ocrx_word' id='word_1_102' title='bbox 2292 1893 2483 1976; x_wconf 62' lang='lat'>3202}-</span> 
     </span>
     <span class='ocr_line' id='line_1_15' title="bbox 1339 2000 2155 2077; baseline 0.001 -15"><span class='ocrx_word' id='word_1_103' title='bbox 1339 2001 1509 2062; x_wconf 73' lang='grc' dir='ltr'><strong><em>ακτὰ</em></strong></span> <span class='ocrx_word' id='word_1_104' title='bbox 1560 2003 1807 2075; x_wconf 74' lang='grc' dir='ltr'><strong><em>πήματ’</em></strong></span> <span class='ocrx_word' id='word_1_105' title='bbox 1849 2001 1914 2062; x_wconf 79' lang='grc' dir='ltr'>οὔ</span> <span class='ocrx_word' id='word_1_106' title='bbox 1964 2000 2155 2077; x_wconf 85' lang='grc' dir='ltr'><strong><em>λόγῳ.</em></strong></span> 
     </span>
     <span class='ocr_line' id='line_1_16' title="bbox 751 2100 3125 2191; baseline 0 -22"><span class='ocrx_word' id='word_1_107' title='bbox 751 2104 1026 2190; x_wconf 82' lang='lat' dir='ltr'>Blaydes</span> <span class='ocrx_word' id='word_1_108' title='bbox 1086 2126 1148 2188; x_wconf 93' lang='lat' dir='ltr'>p.</span> <span class='ocrx_word' id='word_1_109' title='bbox 1199 2100 1284 2168; x_wconf 83' lang='lat'>87</span> <span class='ocrx_word' id='word_1_110' title='bbox 1350 2103 1472 2168; x_wconf 79' lang='grc' dir='ltr'>τόδ’</span> <span class='ocrx_word' id='word_1_111' title='bbox 1528 2105 1904 2182; x_wconf 71' lang='grc' dir='ltr'><strong><em>εἰργάσασθε</em></strong></span> <span class='ocrx_word' id='word_1_112' title='bbox 1968 2103 2345 2182; x_wconf 80' lang='grc' dir='ltr'><strong><em>τοῦργον,</em></strong></span> <span class='ocrx_word' id='word_1_113' title='bbox 2395 2104 2563 2188; x_wconf 88' lang='lat' dir='ltr'>quod</span> <span class='ocrx_word' id='word_1_114' title='bbox 2609 2126 2735 2170; x_wconf 90' lang='lat' dir='ltr'>non</span> <span class='ocrx_word' id='word_1_115' title='bbox 2781 2103 3125 2191; x_wconf 79' lang='lat' dir='ltr'>intellege,</span> 
     </span>
     <span class='ocr_line' id='line_1_17' title="bbox 751 2206 3130 2295; baseline 0.001 -22"><span class='ocrx_word' id='word_1_116' title='bbox 751 2212 874 2273; x_wconf 89' lang='lat' dir='ltr'>nisi</span> <span class='ocrx_word' id='word_1_117' title='bbox 934 2209 1096 2273; x_wconf 79' lang='lat' dir='ltr'>forte</span> <span class='ocrx_word' id='word_1_118' title='bbox 1157 2206 1355 2271; x_wconf 88' lang='lat' dir='ltr'>simul</span> <span class='ocrx_word' id='word_1_119' title='bbox 1417 2206 1622 2272; x_wconf 78' lang='lat' dir='ltr'>deleta</span> <span class='ocrx_word' id='word_1_120' title='bbox 1668 2208 1929 2294; x_wconf 84' lang='lat' dir='ltr'>virgula</span> <span class='ocrx_word' id='word_1_121' title='bbox 1974 2208 2185 2274; x_wconf 84' lang='lat' dir='ltr'>voluit</span> <span class='ocrx_word' id='word_1_122' title='bbox 2235 2212 2621 2274; x_wconf 74' lang='grc' dir='ltr'><strong><em>πολύστονον.</em></strong></span> <span class='ocrx_word' id='word_1_123' title='bbox 2672 2209 2743 2274; x_wconf 83' lang='lat' dir='ltr'>Si</span> <span class='ocrx_word' id='word_1_124' title='bbox 2790 2210 2945 2295; x_wconf 85' lang='lat' dir='ltr'>quid</span> <span class='ocrx_word' id='word_1_125' title='bbox 2988 2231 3130 2275; x_wconf 89' lang='lat' dir='ltr'>mu-</span> 
     </span>
     <span class='ocr_line' id='line_1_18' title="bbox 751 2300 3125 2397; baseline 0 -19"><span class='ocrx_word' id='word_1_126' title='bbox 751 2313 1058 2389; x_wconf 75' lang='lat' dir='ltr'>tandum,</span> <span class='ocrx_word' id='word_1_127' title='bbox 1123 2314 1484 2397; x_wconf 79' lang='lat' dir='ltr'>scripserim</span> <span class='ocrx_word' id='word_1_128' title='bbox 1530 2312 1659 2376; x_wconf 80' lang='grc' dir='ltr'>τόδ’</span> <span class='ocrx_word' id='word_1_129' title='bbox 1709 2300 2067 2392; x_wconf 75' lang='grc' dir='ltr'><strong><em>εἴργοὶσασθ’</em></strong></span> <span class='ocrx_word' id='word_1_130' title='bbox 2118 2311 2521 2391; x_wconf 73' lang='grc' dir='ltr'><strong><em>ἄλαστον,</em></strong></span> <span class='ocrx_word' id='word_1_131' title='bbox 2571 2312 2719 2382; x_wconf 84' lang='lat' dir='ltr'>coll.</span> <span class='ocrx_word' id='word_1_132' title='bbox 2765 2315 2942 2380; x_wconf 74' lang='lat' dir='ltr'>Pers-</span> <span class='ocrx_word' id='word_1_133' title='bbox 2993 2313 3125 2379; x_wconf 84' lang='lat'>990</span> 
     </span>
     <span class='ocr_line' id='line_1_19' title="bbox 755 2414 2555 2497; baseline -0.001 -15"><span class='ocrx_word' id='word_1_134' title='bbox 755 2414 1016 2482; x_wconf 71' lang='grc' dir='ltr'><strong><em>ἄλαστα</em></strong></span> <span class='ocrx_word' id='word_1_135' title='bbox 1066 2417 1307 2495; x_wconf 71' lang='grc' dir='ltr'><strong><em>στυγνὰ</em></strong></span> <span class='ocrx_word' id='word_1_136' title='bbox 1358 2417 1660 2497; x_wconf 82' lang='grc' dir='ltr'><strong><em>πρόκακα.</em></strong></span> <span class='ocrx_word' id='word_1_137' title='bbox 2550 2419 2555 2425; x_wconf 82' lang='grc'><strong><em>’</em></strong></span> 
     </span>
    </p>
   </div>
   <div class='ocr_carea' id='block_1_5' title="bbox 749 2627 3123 3752">
    <p class='ocr_par' dir='ltr' id='par_1_7' title="bbox 796 2627 2605 2717">
     <span class='ocr_line' id='line_1_20' title="bbox 796 2627 2605 2717; baseline -0.001 -20"><span class='ocrx_word' id='word_1_138' title='bbox 796 2632 1074 2717; x_wconf 73' lang='lat' dir='ltr'>Septem.</span> <span class='ocrx_word' id='word_1_139' title='bbox 1121 2627 1293 2696; x_wconf 76' lang='grc'>1078</span> <span class='ocrx_word' id='word_1_140' title='bbox 1332 2633 1501 2708; x_wconf 73' lang='grc' dir='ltr'>μετὰ</span> <span class='ocrx_word' id='word_1_141' title='bbox 1549 2634 1675 2711; x_wconf 69' lang='grc' dir='ltr'>γάρ</span> <span class='ocrx_word' id='word_1_142' title='bbox 1727 2630 2022 2711; x_wconf 73' lang='grc' dir='ltr'><strong><em>μάκαρας</em></strong></span> <span class='ocrx_word' id='word_1_143' title='bbox 2071 2630 2174 2694; x_wconf 79' lang='grc' dir='ltr'>καὶ</span> <span class='ocrx_word' id='word_1_144' title='bbox 2228 2632 2372 2703; x_wconf 79' lang='grc' dir='ltr'><strong><em>Διὸς</em></strong></span> <span class='ocrx_word' id='word_1_145' title='bbox 2420 2631 2605 2710; x_wconf 81' lang='grc' dir='ltr'><strong><em>ἰσχὺν</em></strong></span> 
     </span>
    </p>

    <p class='ocr_par' dir='ltr' id='par_1_8' title="bbox 1336 2735 2253 2817">
     <span class='ocr_line' id='line_1_21' title="bbox 1336 2735 2253 2817; baseline 0 -16"><span class='ocrx_word' id='word_1_146' title='bbox 1336 2735 1434 2802; x_wconf 75' lang='grc' dir='ltr'>ὅδε</span> <span class='ocrx_word' id='word_1_147' title='bbox 1482 2737 1804 2811; x_wconf 75' lang='grc' dir='ltr'><strong><em>Καδμείων</em></strong></span> <span class='ocrx_word' id='word_1_148' title='bbox 1853 2736 2027 2817; x_wconf 76' lang='grc' dir='ltr'><strong><em>ἤρυξε</em></strong></span> <span class='ocrx_word' id='word_1_149' title='bbox 2078 2738 2253 2802; x_wconf 85' lang='grc' dir='ltr'><strong><em>πόλιν</em></strong></span> 
     </span>
    </p>

    <p class='ocr_par' dir='ltr' id='par_1_9' title="bbox 1335 2841 2560 2920">
     <span class='ocr_line' id='line_1_22' title="bbox 1335 2841 2560 2920; baseline 0.001 -14"><span class='ocrx_word' id='word_1_150' title='bbox 1335 2846 1422 2920; x_wconf 65' lang='grc' dir='ltr'>μὴ</span> <span class='ocrx_word' id='word_1_151' title='bbox 1472 2843 1941 2920; x_wconf 71' lang='grc' dir='ltr'><strong><em>ἀνατραπῆναι,</em></strong></span> <span class='ocrx_word' id='word_1_152' title='bbox 1992 2841 2141 2919; x_wconf 76' lang='grc' dir='ltr'>μηδ’</span> <span class='ocrx_word' id='word_1_153' title='bbox 2190 2842 2560 2907; x_wconf 83' lang='grc' dir='ltr'><strong><em>α’λλοδαπῶν</em></strong></span> 
     </span>
    </p>

    <p class='ocr_par' dir='ltr' id='par_1_10' title="bbox 1339 2948 1845 3027">
     <span class='ocr_line' id='line_1_23' title="bbox 1339 2948 1845 3027; baseline 0 -16"><span class='ocrx_word' id='word_1_154' title='bbox 1339 2948 1578 3025; x_wconf 76' lang='grc' dir='ltr'><strong><em>κύματι</em></strong></span> <span class='ocrx_word' id='word_1_155' title='bbox 1623 2949 1845 3027; x_wconf 82' lang='grc' dir='ltr'><strong><em>φωτῶν</em></strong></span> 
     </span>
    </p>

    <p class='ocr_par' dir='ltr' id='par_1_11' title="bbox 749 3052 3123 3664">
     <span class='ocr_line' id='line_1_24' title="bbox 1337 3052 2621 3129; baseline 0.002 -14"><span class='ocrx_word' id='word_1_156' title='bbox 1337 3054 2019 3125; x_wconf 78' lang='grc' dir='ltr'><strong><em>κατακλυσθῆναι</em></strong></span> <span class='ocrx_word' id='word_1_157' title='bbox 2068 3052 2166 3116; x_wconf 76' lang='grc' dir='ltr'>τὰ</span> <span class='ocrx_word' id='word_1_158' title='bbox 2218 3053 2621 3129; x_wconf 68' lang='grc' dir='ltr'><strong><em>μάλιστα.</em></strong></span> 
     </span>
     <span class='ocr_line' id='line_1_25' title="bbox 750 3156 3123 3243; baseline 0.002 -22"><span class='ocrx_word' id='word_1_159' title='bbox 750 3157 1030 3222; x_wconf 78' lang='lat' dir='ltr'>Adnotat</span> <span class='ocrx_word' id='word_1_160' title='bbox 1092 3156 1193 3221; x_wconf 92' lang='lat' dir='ltr'>Bl.</span> <span class='ocrx_word' id='word_1_161' title='bbox 1252 3179 1314 3243; x_wconf 88' lang='lat' dir='ltr'>p.</span> <span class='ocrx_word' id='word_1_162' title='bbox 1366 3156 1452 3221; x_wconf 88' lang='grc'>94</span> <span class='ocrx_word' id='word_1_163' title='bbox 1504 3160 1985 3234; x_wconf 77' lang='grc' dir='ltr'><strong><em>,,κατακλυσθῆν</em></strong></span> <span class='ocrx_word' id='word_1_164' title='bbox 2035 3161 2262 3237; x_wconf 76' lang='lat' dir='ltr'>(eiecto</span> <span class='ocrx_word' id='word_1_165' title='bbox 2314 3160 2395 3223; x_wconf 72' lang='grc' dir='ltr'>τοὶ</span> <span class='ocrx_word' id='word_1_166' title='bbox 2447 3160 2763 3240; x_wconf 73' lang='grc' dir='ltr'><strong><em>μάλιστα)</em></strong></span> <span class='ocrx_word' id='word_1_167' title='bbox 2809 3160 2883 3225; x_wconf 90' lang='lat' dir='ltr'>L.</span> <span class='ocrx_word' id='word_1_168' title='bbox 2933 3159 3123 3226; x_wconf 87' lang='lat' dir='ltr'>Dind.</span> 
     </span>
     <span class='ocr_line' id='line_1_26' title="bbox 750 3261 3123 3348; baseline 0.001 -21"><span class='ocrx_word' id='word_1_169' title='bbox 750 3268 989 3328; x_wconf 76' lang='lat' dir='ltr'>temere</span> <span class='ocrx_word' id='word_1_170' title='bbox 1036 3266 1276 3348; x_wconf 80' lang='lat' dir='ltr'>recepit</span> <span class='ocrx_word' id='word_1_171' title='bbox 1322 3261 1403 3328; x_wconf 71' lang='lat' dir='ltr'>G.</span> <span class='ocrx_word' id='word_1_172' title='bbox 1451 3263 1641 3328; x_wconf 90' lang='lat' dir='ltr'>Dind.</span> <span class='ocrx_word' id='word_1_173' title='bbox 1696 3262 1781 3327; x_wconf 69' lang='grc' dir='ltr'>τὰ</span> <span class='ocrx_word' id='word_1_174' title='bbox 1828 3264 2117 3339; x_wconf 68' lang='grc' dir='ltr'><strong><em>μάλιστα</em></strong></span> <span class='ocrx_word' id='word_1_175' title='bbox 2157 3286 2307 3330; x_wconf 91' lang='lat' dir='ltr'>cum</span> <span class='ocrx_word' id='word_1_176' title='bbox 2344 3264 2521 3345; x_wconf 75' lang='grc' dir='ltr'><strong><em>ἤρυξε</em></strong></span> <span class='ocrx_word' id='word_1_177' title='bbox 2560 3266 3123 3331; x_wconf 79' lang='lat' dir='ltr'>construendum’&#39;.</span> 
     </span>
     <span class='ocr_line' id='line_1_27' title="bbox 749 3367 3123 3437; baseline 0.001 -5"><span class='ocrx_word' id='word_1_178' title='bbox 749 3367 894 3433; x_wconf 88' lang='lat' dir='ltr'>Non</span> <span class='ocrx_word' id='word_1_179' title='bbox 955 3372 1191 3433; x_wconf 87' lang='lat' dir='ltr'>iniuria</span> <span class='ocrx_word' id='word_1_180' title='bbox 1252 3375 1468 3434; x_wconf 81' lang='lat' dir='ltr'>tamen</span> <span class='ocrx_word' id='word_1_181' title='bbox 1529 3369 1603 3433; x_wconf 90' lang='lat' dir='ltr'>L.</span> <span class='ocrx_word' id='word_1_182' title='bbox 1665 3368 1947 3434; x_wconf 88' lang='lat' dir='ltr'>Dindorf</span> <span class='ocrx_word' id='word_1_183' title='bbox 1964 3389 1969 3393; x_wconf 85' lang='lat'>·</span> <span class='ocrx_word' id='word_1_184' title='bbox 1998 3371 2306 3436; x_wconf 85' lang='lat' dir='ltr'>haesisse.</span> <span class='ocrx_word' id='word_1_185' title='bbox 2340 3371 2598 3436; x_wconf 79' lang='lat' dir='ltr'>videtur</span> <span class='ocrx_word' id='word_1_186' title='bbox 2651 3375 2721 3435; x_wconf 91' lang='lat' dir='ltr'>in</span> <span class='ocrx_word' id='word_1_187' title='bbox 2782 3372 2996 3437; x_wconf 79' lang='lat' dir='ltr'>verbis</span> <span class='ocrx_word' id='word_1_188' title='bbox 3042 3373 3123 3435; x_wconf 71' lang='grc' dir='ltr'>τὰ</span> 
     </span>
     <span class='ocr_line' id='line_1_28' title="bbox 751 3474 3123 3560; baseline 0.002 -23"><span class='ocrx_word' id='word_1_189' title='bbox 751 3474 1038 3549; x_wconf 72' lang='grc' dir='ltr'><strong><em>μάλιστα</em></strong></span> <span class='ocrx_word' id='word_1_190' title='bbox 1087 3478 1214 3540; x_wconf 81' lang='lat' dir='ltr'>isto</span> <span class='ocrx_word' id='word_1_191' title='bbox 1260 3475 1400 3539; x_wconf 90' lang='lat' dir='ltr'>loco</span> <span class='ocrx_word' id='word_1_192' title='bbox 1449 3477 1709 3560; x_wconf 71' lang='lat' dir='ltr'>positis,</span> <span class='ocrx_word' id='word_1_193' title='bbox 1758 3476 1868 3539; x_wconf 87' lang='lat' dir='ltr'>sed</span> <span class='ocrx_word' id='word_1_194' title='bbox 1915 3475 1991 3539; x_wconf 90' lang='lat' dir='ltr'>de</span> <span class='ocrx_word' id='word_1_195' title='bbox 2039 3474 2283 3540; x_wconf 89' lang='lat' dir='ltr'>Aeolici</span> <span class='ocrx_word' id='word_1_196' title='bbox 2330 3476 2637 3541; x_wconf 81' lang='lat' dir='ltr'>infinitivi</span> <span class='ocrx_word' id='word_1_197' title='bbox 2675 3498 2798 3540; x_wconf 88' lang='lat' dir='ltr'>usu</span> <span class='ocrx_word' id='word_1_198' title='bbox 2840 3476 3123 3541; x_wconf 80' lang='lat' dir='ltr'>multum</span> 
     </span>
     <span class='ocr_line' id='line_1_29' title="bbox 752 3578 2489 3664; baseline 0.001 -21"><span class='ocrx_word' id='word_1_199' title='bbox 752 3579 994 3643; x_wconf 77' lang='lat' dir='ltr'>dubito.</span> <span class='ocrx_word' id='word_1_200' title='bbox 1045 3578 1114 3643; x_wconf 83' lang='lat' dir='ltr'>Si</span> <span class='ocrx_word' id='word_1_201' title='bbox 1162 3579 1315 3664; x_wconf 89' lang='lat' dir='ltr'>quid</span> <span class='ocrx_word' id='word_1_202' title='bbox 1363 3580 1781 3658; x_wconf 79' lang='lat' dir='ltr'>mutandum,</span> <span class='ocrx_word' id='word_1_203' title='bbox 1832 3582 2194 3664; x_wconf 84' lang='lat' dir='ltr'>scripserim</span> <span class='ocrx_word' id='word_1_204' title='bbox 2242 3584 2489 3664; x_wconf 79' lang='lat' dir='ltr'>potius:</span> 
     </span>
    </p>

    <p class='ocr_par' dir='ltr' id='par_1_12' title="bbox 1340 3685 2567 3752">
     <span class='ocr_line' id='line_1_30' title="bbox 1340 3685 2567 3752; baseline 0.002 -4"><span class='ocrx_word' id='word_1_205' title='bbox 1340 3686 2077 3749; x_wconf 81' lang='grc' dir='ltr'><strong><em>κατακλ·υσθεῒσαν</em></strong></span> <span class='ocrx_word' id='word_1_206' title='bbox 2123 3685 2567 3752; x_wconf 76' lang='grc' dir='ltr'><strong><em>διολέσθαι.</em></strong></span> 
     </span>
    </p>
   </div>
   <div class='ocr_carea' id='block_1_6' title="bbox 752 3780 2166 3875">
    <p class='ocr_par' dir='ltr' id='par_1_13' title="bbox 752 3780 2166 3875">
     <span class='ocr_line' id='line_1_31' title="bbox 752 3780 2166 3875; baseline 0.001 -21"><span class='ocrx_word' id='word_1_207' title='bbox 752 3786 849 3855; x_wconf 85' lang='lat' dir='ltr'>Cf.</span> <span class='ocrx_word' id='word_1_208' title='bbox 899 3790 1075 3854; x_wconf 87' lang='lat' dir='ltr'>Pers.</span> <span class='ocrx_word' id='word_1_209' title='bbox 1128 3788 1280 3854; x_wconf 84' lang='lat'><strong>483.</strong></span> <span class='ocrx_word' id='word_1_210' title='bbox 1319 3780 1484 3854; x_wconf 78' lang='lat'><strong>590.</strong></span> <span class='ocrx_word' id='word_1_211' title='bbox 1534 3789 1759 3875; x_wconf 83' lang='lat' dir='ltr'>Suppl.</span> <span class='ocrx_word' id='word_1_212' title='bbox 1811 3790 1963 3855; x_wconf 84' lang='lat'><strong>846.</strong></span> <span class='ocrx_word' id='word_1_213' title='bbox 2015 3788 2166 3856; x_wconf 82' lang='lat'><strong>907.</strong></span> 
     </span>
    </p>
   </div>
   <div class='ocr_carea' id='block_1_7' title="bbox 840 3997 2558 4289">
    <p class='ocr_par' dir='ltr' id='par_1_14' title="bbox 840 3997 2558 4289">
     <span class='ocr_line' id='line_1_32' title="bbox 840 3997 2558 4095; baseline 0.003 -32"><span class='ocrx_word' id='word_1_214' title='bbox 840 4001 1014 4065; x_wconf 78' lang='lat' dir='ltr'>PerS.</span> <span class='ocrx_word' id='word_1_215' title='bbox 1068 3997 1150 4066; x_wconf 81' lang='lat'>&#39;73</span> <span class='ocrx_word' id='word_1_216' title='bbox 1291 4000 1662 4095; x_wconf 71' lang='grc' dir='ltr'><strong><em>πολυάνδρου</em></strong></span> <span class='ocrx_word' id='word_1_217' title='bbox 1714 4001 1765 4064; x_wconf 85' lang='grc' dir='ltr'>δ’</span> <span class='ocrx_word' id='word_1_218' title='bbox 1814 4001 2038 4073; x_wconf 83' lang='grc' dir='ltr'><strong><em>Ἀσίας</em></strong></span> <span class='ocrx_word' id='word_1_219' title='bbox 2086 4003 2302 4082; x_wconf 79' lang='grc' dir='ltr'><strong><em>θούριος</em></strong></span> <span class='ocrx_word' id='word_1_220' title='bbox 2350 4004 2558 4083; x_wconf 78' lang='grc' dir='ltr'><strong><em>ἄρχων</em></strong></span> 
     </span>
     <span class='ocr_line' id='line_1_33' title="bbox 1289 4106 2171 4186; baseline 0.002 -17"><span class='ocrx_word' id='word_1_221' title='bbox 1289 4106 1388 4169; x_wconf 79' lang='grc' dir='ltr'>ἐπὶ</span> <span class='ocrx_word' id='word_1_222' title='bbox 1441 4110 1652 4172; x_wconf 67' lang='grc' dir='ltr'><strong><em>πᾶσαν</em></strong></span> <span class='ocrx_word' id='word_1_223' title='bbox 1700 4106 1896 4186; x_wconf 83' lang='grc' dir='ltr'><strong><em>χθόνα</em></strong></span> <span class='ocrx_word' id='word_1_224' title='bbox 1946 4131 2171 4184; x_wconf 83' lang='grc' dir='ltr'><strong><em>ποιμα-</em></strong></span> 
     </span>
     <span class='ocr_line' id='line_1_34' title="bbox 1292 4210 2197 4289; baseline 0.003 -15"><span class='ocrx_word' id='word_1_225' title='bbox 1292 4210 1470 4289; x_wconf 84' lang='grc' dir='ltr'><strong><em>νόριον</em></strong></span> <span class='ocrx_word' id='word_1_226' title='bbox 1518 4214 1729 4277; x_wconf 82' lang='grc' dir='ltr'><strong><em>θεῖον</em></strong></span> <span class='ocrx_word' id='word_1_227' title='bbox 1766 4210 2017 4277; x_wconf 77' lang='grc' dir='ltr'><strong><em>’ἐλαύνει</em></strong></span> <span class='ocrx_word' id='word_1_228' title='bbox 2070 4215 2197 4277; x_wconf 80' lang='grc' dir='ltr'><strong><em>κτὲ.</em></strong></span> 
     </span>
    </p>
   </div>
   <div class='ocr_carea' id='block_1_8' title="bbox 749 4312 3117 4486">
    <p class='ocr_par' dir='ltr' id='par_1_15' title="bbox 749 4312 3117 4486">
     <span class='ocr_line' id='line_1_35' title="bbox 749 4312 3117 4406; baseline 0.002 -23"><span class='ocrx_word' id='word_1_229' title='bbox 749 4312 880 4383; x_wconf 85' lang='lat' dir='ltr'>Cur</span> <span class='ocrx_word' id='word_1_230' title='bbox 924 4316 1192 4380; x_wconf 80' lang='lat' dir='ltr'>divinum</span> <span class='ocrx_word' id='word_1_231' title='bbox 1237 4337 1508 4403; x_wconf 80' lang='lat' dir='ltr'>gregem</span> <span class='ocrx_word' id='word_1_232' title='bbox 1547 4324 1735 4383; x_wconf 77' lang='lat' dir='ltr'>vocet</span> <span class='ocrx_word' id='word_1_233' title='bbox 1772 4323 1959 4403; x_wconf 79' lang='lat' dir='ltr'>poeta</span> <span class='ocrx_word' id='word_1_234' title='bbox 1996 4340 2102 4384; x_wconf 91' lang='lat' dir='ltr'>me</span> <span class='ocrx_word' id='word_1_235' title='bbox 2140 4319 2321 4385; x_wconf 75' lang='lat' dir='ltr'>latet.</span> <span class='ocrx_word' id='word_1_236' title='bbox 2361 4318 2869 4405; x_wconf 79' lang='lat' dir='ltr'>Expectaveram</span> <span class='ocrx_word' id='word_1_237' title='bbox 2906 4322 3117 4406; x_wconf 85' lang='lat' dir='ltr'>potius</span> 
     </span>
     <span class='ocr_line' id='line_1_36' title="bbox 752 4421 1030 4486; baseline 0 -1"><span class='ocrx_word' id='word_1_238' title='bbox 752 4421 785 4485; x_wconf 92' lang='grc' dir='ltr'><strong><em>δ</em></strong></span> <span class='ocrx_word' id='word_1_239' title='bbox 801 4446 864 4486; x_wconf 84' lang='grc' dir='ltr'><strong><em>ει</em></strong></span> <span class='ocrx_word' id='word_1_240' title='bbox 889 4447 917 4485; x_wconf 94' lang='grc' dir='ltr'><strong><em>ν</em></strong></span> <span class='ocrx_word' id='word_1_241' title='bbox 936 4421 963 4484; x_wconf 79' lang='grc' dir='ltr'><em>ὸ</em></span> <span class='ocrx_word' id='word_1_242' title='bbox 982 4445 1030 4485; x_wconf 87' lang='grc' dir='ltr'><strong><em>ν.</em></strong></span> 
     </span>
    </p>
   </div>
  </div>
 </body>
</html>
