3351 5463
660 384 789 451 158
1652 402 2044 451 AESOHYLUS.

658 575 796 639 eius
815 619 832 649 ,
877 571 952 636 de
990 571 1251 648 damn0,
1298 570 1471 656 quod
1506 573 1681 656 ipsae
1721 572 2064 656 patiuntur
2105 570 2395 637 absoluto
2434 574 2771 640 matricida
2801 574 3041 640 Oreste.

745 678 1074 743 Lacunam
1118 679 1326 763 igitur
1371 679 1461 741 sic
1510 677 1765 762 explere
1810 675 2071 741 malim:

1105 783 1210 848 τὸν
1256 784 1694 866 ματροφόντην
1741 781 1922 859 ἀξίως
1977 782 2372 849 ποινάλατον.

747 991 1021 1057 Eumen.
1075 988 1545 1055 1021-1028.

1108 1096 1252 1159 αἴνῶ
1301 1119 1370 1159 τε
1423 1095 1647 1171 μύθους
1698 1095 1827 1159 κτὲ.

655 1203 982 1267 Lacunam
1068 1201 1281 1266 adesse
1356 1203 1425 1263 in
1496 1201 1671 1265 hisce
1742 1201 2034 1265 versibus
2102 1203 2274 1265 viros
2343 1200 2594 1277 doctoS,
2673 1184 3043 1278 Hermann,

656 1308 961 1373 'Phiersch
979 1355 996 1384 ,
1048 1305 1217 1372 Weil
1236 1355 1251 1383 ,
1300 1306 1669 1383 Kirchhoff,
1718 1306 1912 1383 alios,
1963 1328 2089 1371 non
2134 1305 2349 1371 latuit.
2401 1306 2565 1385 Quid
2611 1308 2681 1369 in
2725 1309 2841 1384 iis,
2884 1328 3043 1391 quae

656 1416 900 1500 periere
919 1462 935 1491 ‚
1021 1413 1227 1477 dicere
1300 1412 1595 1477 debuerit
1660 1417 1880 1497 poeta,
1952 1411 2256 1497 colligere
2326 1411 2476 1476 licet
2547 1432 2626 1475 ex
2697 1412 3045 1497 hypothesi

655 1520 1101 1604 Aristophanis
1149 1520 1563 1604 grammatici
1608 1522 1672 1581 et
1713 1539 1790 1581 ex
1829 1517 2332 1603 Harpocratione
2369 1521 2438 1581 in
2477 1538 2631 1583 voce
2671 1519 3006 1591 Εὖμενίδες
3026 1566 3042 1595 ,

656 1626 1057 1691 tradentibus
1121 1624 1305 1688 deam
1364 1623 1732 1687 Minervam
1778 1626 1845 1686 in
1893 1627 2071 1688 exitu
2119 1624 2428 1713 dramatis
2471 1623 2749 1709 Erinyas
2797 1629 3045 1689 mutato

656 1735 915 1797 nomine
960 1729 1353 1795 Eumenidas
1396 1750 1815 1813 nuncupasse.
1866 1729 2090 1814 Itaque
2137 1752 2262 1794 non
2311 1730 2606 1794 dubitavi
2645 1734 2715 1794 in
2751 1733 3046 1796 versione

656 1858 801 1902 mea
842 1836 1141 1901 lacunam
1185 1856 1299 1920 pro
1346 1835 1596 1899 viribus
1643 1837 1808 1898 meis
1847 1834 2136 1920 explere;
2179 1835 2404 1899 deinde
2440 1838 2784 1900 inventum
2822 1856 3046 1900 meum

662 1941 901 2009 Graece
964 1940 1213 2007 reddidi
1230 1989 1246 2018 ‚
1311 1961 1391 2004 ex
1452 1942 1534 2003 iis
1588 1960 1754 2023 quae
1800 1939 2107 2005 'Phiersch
2151 1940 2485 2026 supplevit
2531 1962 2734 2005 unum
2785 1962 3050 2006 versum

658 2049 1006 2125 Εὐμενίδας
1068 2049 1155 2115 εἰς
1218 2049 1321 2109 τὸν
1378 2045 1568 2110 πάντ’
1618 2046 1748 2109 κτὲ.
1797 2049 1958 2110 meis
2005 2031 2258 2111 addens.
2323 2046 2518 2113 Iuvat
2564 2052 2781 2112 totum
2825 2046 3048 2111 locum

658 2156 764 2220 hic
823 2153 1177 2219 exscribere
1194 2201 1212 2229 ,
1276 2157 1353 2216 ut
1418 2154 1547 2216 viri
1608 2152 1780 2216 docti
1839 2172 2037 2235 quam
2083 2151 2388 2216 facillime
2433 2152 2717 2217 iudicare
2761 2154 3047 2237 possint,

658 2264 884 2324 utrum
930 2256 1343 2342 interpolatio
1388 2276 1535 2320 mea
1578 2258 1748 2320 inter
1794 2256 2007 2320 foedas
2052 2257 2446 2322 numeranda
2491 2260 2579 2321 sit
2597 2306 2615 2335 ,
2663 2278 2745 2321 an
2791 2278 3050 2322 summo

659 2372 845 2450 poeta
889 2386 1019 2429 non
1064 2384 1323 2448 prorsus
1368 2361 1635 2446 indigna
1678 2367 1872 2445 atque
1919 2362 2000 2425 ad
2046 2362 2446 2449 Aeschylum
2491 2363 3048 2447 interpretandum

660 2478 725 2537 et
770 2469 1230 2535 illustrandum
1273 2468 1519 2532 idonea.

1113 2576 1258 2639 αἰνῶ
1308 2598 1381 2637 τε
1426 2574 1652 2649 μύθους
1706 2573 1891 2636 τῶνδε
1936 2576 2056 2637 τῶν
2103 2576 2589 2651 κατευγμάτων,

1113 2682 1349 2760 πέμψω
1400 2704 1473 2744 τε
1518 2679 1757 2758 Φέγγει
1808 2680 2159 2754 λαμπάδων
2205 2680 2608 2760 σελασφόρων

1114 2789 1197 2855 εἷς
1247 2786 1388 2856 τοὺς
1438 2785 1629 2865 ἔνερθε
1679 2785 1783 2848 καὶ
1833 2787 2004 2848 κάτω
2051 2788 2266 2866 χθονὸς
2311 2788 2533 2856 τόπους

1112 2891 1221 2966 ξὺν
1266 2893 1698 2970 προσπόλοισιν
1745 2889 1883 2955 αἵτε
1931 2897 2276 2971 Φρουροῦσιν
2325 2893 2562 2970 βρέτας

1112 2996 1361 3074 τούμὸν,
1412 2996 1657 3068 δικαίως
1677 3019 1692 3034 ·
1741 2995 1920 3072 ὄμμα
1973 2998 2100 3074 γὰρ
2146 2997 2354 3070 πάσης
2397 2999 2614 3078 χθονὸς

1114 3103 1393 3184 Θησῇδος
1440 3101 1682 3179 ἐξίκοιτ’
1729 3101 1808 3165 ἂν
1853 3103 2129 3176 ἐντίμους
2175 3100 2376 3179 ἔδρας.

1112 3210 1279 3284 ὑμᾶς
1328 3207 1391 3272 δὲ
1441 3207 1696 3287 πρόσθεν
1742 3207 2062 3282 δυσμενεῖς
2109 3211 2182 3272 τὸ
2230 3213 2334 3271 νῦν
2379 3213 2554 3271 καλῶ

1111 3314 1459 3390 Εὐμενίδας
1508 3315 1596 3383 εἷς
1640 3313 1746 3376 τὸν
1794 3311 1982 3376 πάντ’
2029 3315 2380 3387 ἐπωνύμως
2428 3313 2642 3393 χρόνον
2662 3335 2679 3351 ·

1116 3419 1309 3490 πολὺς
1360 3419 1424 3483 δὲ
1472 3418 1659 3482 θύσων
1707 3416 1914 3493 ἵξεται
1961 3419 2318 3498 Φανηφὸρος

1110 3525 1395 3602 εὔφημος
1442 3523 1665 3603 ἀνδρῶν
1713 3524 1896 3596 ἑσμὸς
1915 3573 1932 3600 ,
1981 3526 2238 3595 εὖκλεὺς
2289 3525 2478 3604 λόχος

1112 3632 1367 3706 παίδων,
1417 3636 1742 3706 γυναικῶν,
1793 3629 1898 3692 καὶ
1949 3631 2168 3700 στόλος
2213 3629 2636 3706 πρεσβυτίδων

1110 3735 1618 3812 Φοινικοβιέπτοις
1666 3733 1922 3798 ε’νδυτῦν
1969 3736 2326 3810 ἕσθήμασιν.
