3351 5463
719 394 852 462 240
1585 415 2234 464 onenavnrmnounnn

719 582 1012 648 dalorum
1072 583 1141 646 in
1203 585 1508 648 centuriis
1569 583 2014 668 possidebatur
2045 583 2112 665 ¹),
2160 604 2318 668 quas
2365 585 2673 671 iugorum
2718 585 2849 648 vice
2889 581 3055 645 fuisse

718 694 951 774 putant
976 686 1049 768 ⁸),
1123 691 1273 773 quia
1342 690 1418 755 de
1488 689 1765 776 singulis
1837 693 2090 757 vicenas
2163 689 2426 774 siliquas
2497 697 2746 756 exactas
2814 691 3054 762 constat,

720 796 902 879 quasi
946 795 1051 859 hic
1096 793 1332 858 titulus
1378 795 1459 860 ad
1508 797 1753 861 tributa
1799 797 2088 861 accedere
2135 818 2261 861 non
2305 798 2592 882 potuerit
2618 794 2690 877 ³).
2755 793 3061 878 Campania

720 901 988 986 denique
1024 903 1093 964 ni
1133 901 1482 967 secundum
1523 907 1807 967 veterem
1833 902 2429 967 determinationem
2453 904 2796 968 etiamtum
2820 917 3062 986 possessa

720 1011 916 1085 esset,
978 1009 1286 1093 iugorum
1345 1013 1595 1072 certum
1654 1029 2002 1073 numerum
2048 1029 2174 1073 non
2220 1012 2524 1095 iugerum
2572 1009 2833 1073 tributis
2873 1005 3066 1070 libera·

717 1116 919 1178 visset
980 1118 1240 1198 propter
1300 1112 1709 1177 sterilitatem
1772 1097 2101 1179 Honorius
2126 1113 2199 1193 ⁴).
2267 1152 2352 1162 -—
2416 1113 2722 1179 Nondum
2784 1113 3063 1184 diximus,

720 1218 874 1303 quid
937 1239 1129 1283 censu
1190 1218 1266 1283 de
1286 1217 1545 1285 ‚finibus
1594 1217 1839 1303 liquere
1882 1221 2106 1303 possit.
2156 1218 2242 1283 Et
2289 1219 2551 1304 quidem
2599 1240 2713 1304 pro
2760 1223 2836 1283 ut
2878 1219 2941 1281 in
2980 1213 3071 1278 Di·

718 1327 920 1411 gestis
967 1323 1244 1388 formula
1288 1322 1600 1390 censualis
1645 1324 2022 1409 perhibetur
2045 1328 2119 1404 ⁵),
2169 1346 2295 1389 non
2333 1325 2591 1390 videtur
2631 1346 2710 1389 ex
2751 1321 2888 1388 ulla·
2916 1323 3068 1405 parte

720 1450 943 1494 census
988 1427 1145 1493 fines
1190 1432 1439 1515 regenti
1482 1430 1778 1516 prodesse
1823 1451 2027 1516 posse.
2092 1429 2217 1494 Sed
2263 1435 2525 1515 apparet
2570 1432 2734 1495 vitio
2785 1427 3070 1499 laborare,

720 1535 893 1619 quod
949 1534 1259 1611 traditur,
1328 1535 1483 1619 quid
1545 1537 1718 1600 enim
1785 1535 2154 1613 absurdius,
2220 1557 2416 1620 quam
2475 1537 2784 1616 duom-um)
2855 1532 3076 1609 vicimo-

721 1645 877 1719 rum)
905 1640 1372 1722 proximarum)
1412 1643 1671 1705 nomina
1707 1643 1998 1726 exigere,
2040 1642 2222 1726 quasi
2259 1662 2385 1705 non
2426 1660 2644 1705 omnes
2685 1641 2884 1705 vicini
2906 1654 3075 1719 aeque

723 1767 757 1812 e
816 1748 1110 1831 proximo
1181 1749 1574 1832 contingant.
1640 1746 1901 1811 Scilicet
1963 1747 2115 1812 ferri
2178 1747 2436 1812 deberet
2497 1767 2612 1832 per
2673 1767 2740 1811 se
2793 1742 3080 1827 promimus

722 1852 956 1914 vicinus
980 1853 1053 1936 ο),
1104 1852 1213 1916 sed
1260 1851 1448 1916 nihili
1495 1858 1592 1917 est
1638 1855 2004 1937 exquirere:
2069 1875 2258 1936 quoe
2305 1855 2497 1916 duo-s·
2540 1851 2770 1914 vicinos
2803 1847 3083 1932 proximos

722 1958 954 2021 habeat.
1002 1957 1239 2022 Eiicias
1285 1957 1613 2023 numerale
1635 2007 1651 2035 ,
1701 1959 1988 2022 nondum
2027 1963 2240 2023 tamen
2276 1958 2559 2043 proderit
2595 1960 2663 2021 in
2703 1977 2896 2022 causa
2931 1951 3086 2018 finali

724 2083 985 2127 censum
1046 2064 1421 2148 inspexisse.
1486 2063 1729 2128 Verum
1774 2065 2010 2129 habent
2056 2067 2515 2149 possessiones,
2564 2068 2640 2128 ut
2689 2063 2875 2128 docet
2919 2060 3088 2124 Fron-

721 2172 898 2233 tinus
960 2171 1358 2254 agrimensor
1381 2175 1433 2251 7)
1478 2170 1786 2252 proximos
1847 2170 2153 2255 quosdam
2199 2169 2457 2250 riqoree,
2506 2169 2575 2232 id
2621 2174 2751 2247 est,
2805 2166 2974 2253 quod
3015 2164 3090 2227 di·

724 2277 976 2340 vinavit
1044 2273 1269 2339 Weber
1293 2274 1367 2354 ⁸),
1420 2277 1586 2357 fines
1601 2296 1617 2352 3
1692 2297 1804 2340 nec
1875 2275 2051 2341 aliud
2114 2278 2324 2340 iussos
2386 2276 2661 2340 arbitror
2721 2289 3090 2359 possessores

726 2381 971 2445 edicere
1049 2399 1277 2464 quam:
1369 2402 1511 2464 quoe
1584 2381 1864 2461 (riqores)
1923 2382 2233 2463 proximos
2302 2383 2809 2466 uniuscuiusque
2879 2377 3094 2444 fundus

725 2487 1043 2566 haben-est.
1092 2484 1293 2550 Erant
1338 2488 1545 2571 igitur
1583 2488 1652 2550 in
1692 2507 1885 2552 censu
1924 2489 2396 2571 possessionum
2433 2486 2624 2564 fines,
2662 2483 3095 2572 profitentibus

726 2591 1000 2656 dominis
1063 2590 1497 2676 significanter
1565 2591 1981 2656 describendi.
2053 2592 2233 2657 Neve
2306 2593 2448 2677 quis
2519 2592 2780 2656 obiiciat
2847 2589 3097 2656 vasariis

722 2699 1049 2782 inscriptis
1087 2697 1142 2772 ⁹)
1230 2701 1293 2761 et
1372 2698 1786 2778 ἀπογραφαῖς
1858 2699 2279 2785 Aegyptiacis
2349 2696 2548 2763 talem
2617 2697 3100 2784 descriptionem
3304 2706 3305 2733 ¹

726 2803 975 2880 deesse,
1029 2839 1115 2850 —
1161 2802 1335 2866 haud
1373 2806 1583 2889 magis
1620 2804 1715 2868 ibi
1755 2809 2062 2889 apparent
2097 2806 2290 2868 vicini
2315 2802 2420 2884 ¹⁰).
2478 2841 2564 2852 —
2618 2802 2832 2868 Hodie
2878 2803 3101 2885 ubique

726 3042 1037 3102 ἐστάλησαν,
1071 3042 1150 3105 ἐφ’
1188 3039 1222 3105 ᾧ
1258 3043 1378 3100 τοὺς
1413 3045 1588 3106 φόρους
1618 3041 1796 3101 adv-02⁹1,-
1824 3042 2037 3109 τέξουσι
2069 3044 2204 3093 κατὰ
2235 3044 2385 3106 λόγον
2418 3039 2637 3105 ἑκάστῳ.
2667 3041 2718 3091 οἳ
2741 3041 2800 3100 δὴ
2835 3041 2894 3092 οὗ
2927 3040 3104 3105 μέτριοι

724 3127 944 3189 Λίβυσιν
980 3124 1094 3175 οῦδὲ
1126 3124 1333 3189 <popm-0?
1364 3123 1539 3190 ’ἔδοξαν
1573 3120 1696 3175 εἲναι
1733 3126 1830 3191 (ed.
1870 3127 2021 3176 Bonn.
2060 3143 2108 3191 p.
2142 3128 2243 3175 444
2277 3126 2361 3175 lin.
2403 3126 2469 3176 20
2487 3127 2631 3190 sqq).

794 3210 842 3272 1)
876 3210 1001 3259 Nov.
1041 3208 1227 3258 Valent.
1262 3207 1343 3257 tit.
1375 3207 1590 3256 XXXIII
1624 3209 1708 3272 (de
1735 3208 1951 3271 praediis
1980 3208 2122 3272 pist.)
2157 3224 2194 3256 c.
2229 3209 2256 3257 1
2296 3207 2381 3269 52.
2415 3234 2480 3244 —-
2518 3207 2648 3256 Hinc
2677 3222 2856 3257 nomen
2873 3206 3112 3270 φρουρίου,

723 3292 859 3343 cuius
901 3306 1013 3357 pars
1056 3293 1273 3357 superest
1318 3291 1443 3355 apud
1493 3291 1704 3354 Procop.
1753 3291 1810 3340 B.
1835 3290 1893 3339 V.
1941 3289 2010 3339 ΙΙ.
2049 3290 2111 3339 18
2147 3290 2241 3353 (ed.
2276 3290 2433 3340 Bonn.
2467 3305 2515 3355 p.
2551 3290 2652 3339 468
2686 3286 2772 3339 lin.
2813 3291 2902 3353 5>=
2941 3324 3115 3340 ......

730 3374 1005 3434 Centuriao,
1040 3371 1297 3437 incipiebat
1331 3371 1460 3422 enim
1496 3387 1524 3420 a
1563 3385 1780 3421 numero.

794 3456 850 3521 2)
885 3456 939 3504 Ε.
958 3471 1003 3520 g.
1041 3455 1265 3504 Karlowa
1298 3470 1375 3519 op.
1411 3452 1493 3502 cit.
1528 3469 1575 3518 p.
1612 3453 1728 3501 904.

794 3540 843 3598 8)
876 3536 1097 3585 Alterum
1132 3534 1401 3599 exemplum
1433 3533 1694 3583 exactionis
1722 3548 1810 3597 pro
1845 3548 2066 3583 mensura
2098 3520 2350 3582 invenitur
2381 3532 2434 3582 in
2469 3532 2502 3581 1.
2541 3534 2602 3581 18
2639 3533 2742 3594 §25
2783 3535 2844 3583 D.
2887 3534 2970 3584 50.
2989 3536 3037 3582 4.

792 3622 845 3680 4)
881 3618 1197 3667 ordinarium
1242 3620 1314 3667 est
1357 3617 1471 3681 iuga
1518 3617 1593 3666 vel
1638 3617 1796 3681 capita
1839 3616 2044 3667 liberare
2093 3618 2155 3679 (c.
2192 3617 2224 3665 6
2268 3631 2343 3682 pr.
2381 3618 2433 3666 G.
2471 3616 2560 3666 Th.
2602 3616 2792 3675 11.20;
2825 3632 2884 3667 -ο,
2935 3633 3021 3667 un.
3065 3616 3118 3665 Ο.

725 3702 800 3751 Τὶι
836 3702 915 3751 10.
934 3702 1051 3765 25);
1088 3700 1379 3764 Campaniae
1410 3699 1672 3763 quingenta
1700 3699 1838 3748 milia
1867 3700 2088 3763 iugerum
2119 3698 2305 3749 remisit
2330 3698 2578 3749 Honorius
2597 3698 2658 3764 (c.
2680 3698 2712 3746 2
2730 3698 2784 3748 G.
2804 3698 2902 3751 Th.
2923 3701 3005 3751 11.
3025 3700 3122 3760 28).

728 3783 801 3836 cf.
839 3780 1037 3841 Weber,
1072 3782 1386 3845 Ayraryesch.
1423 3781 1571 3843 (1891
1608 3797 1654 3845 p.
1694 3781 1913 3831 204¹²⁷.

797 3868 849 3930 5)
885 3866 938 3914 L.
976 3866 1008 3911 4
1043 3865 1103 3914 D.
1143 3864 1325 3913 50.15.

796 3947 848 4006 6)
879 3947 935 3995 L.
974 3947 1037 3993 14
1073 3946 1141 4006 §1
1179 3946 1239 3993 D.
1274 3944 1390 3993 8.6.

796 4026 856 4092 7)
889 4027 1106 4075 Gromat.
1142 4042 1188 4090 p.
1226 4027 1255 4074 8
1290 4041 1360 4075 vs.
1399 4026 1442 4073 1.

795 4111 850 4175 8)
884 4109 1193 4173 Agrargeach.
1230 4126 1275 4173 p.
1312 4109 1405 4159 26:
1445 4108 1552 4157 ‚die
1580 4108 2046 4172 [nachstliegenden]
2074 4104 2534 4173 Beeitmyrenm”.
2572 4108 2685 4156 Non
2713 4105 2834 4157 tulit
2861 4109 3129 4159 adsensum

727 4191 966 4241 Theodori
1002 4192 1296 4249 Mommsen,
1334 4190 1496 4239 Herm.
1534 4188 1725 4239 XXVII
1757 4189 1930 4252 (1892)
1963 4206 2010 4254 p.
2047 4189 2162 4239 82².

798 4275 853 4339 9)
887 4272 1175 4322 Enumeravi
1208 4287 1263 4320 ea
1297 4272 1348 4320 in
1383 4272 1543 4321 adnot.
1579 4273 1638 4320 ad
1668 4287 1771 4336 cap.
1807 4270 2038 4319 LXVIII.

796 4357 886 4420 10)
920 4354 1235 4419 Excipiendns
1269 4357 1339 4402 est
1373 4369 1479 4418 pap.
1515 4354 1719 4403 Londin.
1755 4354 1794 4401 L
1829 4356 1988 4416 (quem
2023 4351 2174 4400 edidit
2214 4351 2456 4410 Wilcken,
2492 4352 2657 4401 Herm.
2694 4352 2920 4402 XXVIII
2953 4355 3134 4417 (1898)

726 4458 759 4506 p
812 4439 908 4488 231
929 4438 1039 4501 sq),
1084 4436 1167 4500 qni
1214 4439 1376 4485 tamen
1409 4435 1619 4499 pertinet
1652 4436 1712 4483 ad
1746 4434 2058 4483 Ptolemaeos.
2097 4434 2170 4484 Cf.
2208 4437 2458 4498 praeterea
2493 4449 2603 4499 pap.
2643 4434 2803 4485 Berol.
2841 4435 2970 4497 112,
3012 4438 3129 4496 139,

729 4523 843 4583 198,
875 4522 991 4581 420,
1024 4520 1141 4579 459,
1177 4519 1297 4567 536·
1340 4516 1589 4577 Wilcken,
1625 4514 1793 4567 Hem.
1830 4516 2053 4566 XXVIII
2088 4517 2258 4579 (1893)
2291 4532 2339 4581 p.
2377 4514 2490 4576 235,
2529 4515 2643 4568 237.
