3351 5463
1317 405 1548 458 mus.
1607 459 1611 466 ,
2546 383 2627 454 17

249 574 552 636 correctio
601 577 729 649 est,
780 575 834 636 si
881 575 1283 656 transpositis
1328 572 1540 636 verbis
1587 571 1925 635 scribimus
1966 593 2083 634 non
2120 570 2406 633 mentibus
2444 571 2630 633 sobam

251 685 660 754 constare,
711 680 816 740 sed
858 700 932 740 ne
977 679 1220 740 auribus
1266 678 1500 761 quidem
1543 685 1719 761 atque
1764 677 1953 739 ocubie
1990 676 2143 739 satis
2188 676 2628 757 concipere.

251 782 422 862 Quid
485 785 570 847 sit
631 790 818 846 mente
881 805 997 846 nori
1043 788 1156 848 aut
1201 783 1306 847 vix
1351 789 1618 846 constare
1668 782 1849 847 docet
1895 780 2079 845 Tusc.
2134 781 2180 845 1.
2229 780 2289 847 4.
2319 781 2427 846 39.
2500 781 2632 845 Nec

233 890 472 952 ·minus
533 889 838 952 Latinum
901 894 998 952 est
1058 889 1246 951 oculis
1307 888 1412 952 vel
1475 889 1722 951 auribus
1786 887 2087 968 concipere
2150 899 2366 950 rerum
2387 935 2403 963 ,
2471 907 2631 970 quae

250 994 558 1060 videntur
625 993 730 1058 vel
799 995 1168 1070 audiuntur,
1241 993 1731 1058 multitudinem
1748 1014 1763 1069 ;
1832 993 1908 1056 cf.
1971 991 2185 1056 Plaut.
2251 992 2447 1056 Poen.
2500 989 2629 1057 277

249 1099 360 1184 qui
406 1087 550 1163 haee
598 1107 768 1163 tanta
816 1100 1004 1163 oculis
1049 1100 1199 1162 bona
1237 1100 1502 1180 concipio
1523 1146 1540 1176 ,
1584 1106 1646 1163 et
1688 1098 1989 1163 translate
2034 1095 2162 1164 Cic.
2193 1094 2365 1161 Verr.
2408 1096 2471 1160 ’4.
2504 1095 2628 1160 101

250 1203 502 1267 auribus
547 1211 614 1267 tu
661 1211 889 1267 tantam
935 1204 1323 1286 cupiditatem
1368 1203 1707 1286 concepisti.

347 1427 399 1470 c.
450 1405 557 1472 44.
589 1406 647 1472 1.
715 1405 815 1471 Ita
875 1404 1224 1472 Camillus:
1292 1407 1615 1482 Ardeates,
1680 1405 1881 1489 inquit
1898 1453 1914 1482 ‚
1965 1412 2187 1479 veteres
2234 1404 2444 1480 amici,
2496 1403 2635 1467 novi

252 1511 438 1574 etiam
477 1511 630 1573 cives
675 1511 822 1587 mei,
874 1513 1110 1595 quando
1156 1518 1213 1573 et
1257 1517 1512 1574 veetrum
1557 1510 1897 1591 beneficium
1946 1512 2038 1572 ita
2087 1509 2232 1572 tulit
2279 1516 2335 1572 eb
2365 1509 2637 1593 fortuna

223 1618 292 1679 -lz
313 1638 392 1678 oc
457 1639 488 1679 e
496 1617 626 1696 qit
683 1639 845 1693 mea,
911 1639 1074 1679 nemo
1135 1623 1390 1679 vestrum
1453 1615 1817 1678 condicionis
1875 1637 2033 1678 meae
2096 1614 2335 1676 oblitum
2390 1636 2478 1677 me
2525 1613 2640 1675 hue

240 1719 608 1802 processisee
645 1728 844 1804 putet.

349 1825 707 1890 Muellerus
749 1847 897 1890 cum
931 1825 1266 1890 Walkero:
1307 1826 1415 1887 hoc
1451 1831 1563 1900 (sc.
1590 1823 1919 1904 beneficio)
1960 1847 1991 1886 e
2002 1823 2204 1904 quit.
2240 1823 2636 1908 Madvigius,

252 1933 371 2015 qui
416 1937 585 1996 recte
634 1937 1038 2016 perspexerat
1081 1931 1276 1995 verba
1322 1929 1467 1991 tabit
1513 1933 1577 1993 et
1622 1929 1745 2008 eqit
1788 1928 1962 1992 idem
2007 1928 2239 1992 habere
2282 1929 2601 1992 obiectum
2622 1974 2637 2003 ‚

253 2057 492 2122 nempe
552 2037 700 2100 hoc:
769 2057 915 2113 „me
972 2039 1178 2101 civem
1227 2056 1361 2100 esse
1408 2033 1767 2110 vestrum’',
1816 2033 1993 2119 nulla
2042 2039 2257 2097 tamen
2304 2031 2642 2117 probabili-

256 2146 394 2204 tate
443 2144 716 2205 correxit
753 2143 861 2204 hoc
905 2141 1189 2204 voluit.
1239 2141 1568 2204 Librarius
1608 2138 1797 2204 solito
1835 2160 2045 2204 errore
2082 2136 2403 2202 litterulas
2446 2143 2644 2201 trans-

258 2248 508 2331 posuit,
575 2267 723 2311 cum
783 2245 1009 2311 Livius
1069 2248 1394 2330 scripserit
1455 2252 1512 2308 et
1554 2247 1828 2331 fortuna
1874 2267 1953 2307 eo
1971 2267 2001 2306 e
2009 2268 2051 2325 q
2071 2244 2140 2306 it
2182 2266 2344 2319 mea,
2395 2244 2643 2326 aptissi-

263 2372 441 2416 mam
487 2354 1018 2416 asseverationem
1062 2353 1130 2415 in
1177 2372 1283 2416 ore
1330 2348 1627 2426 Camilli,
1675 2351 1868 2414 inviti
1916 2348 2143 2415 exulis.

1246 2601 1496 2666 Liber
1558 2600 1664 2665 VI.

359 2820 413 2863 c.
468 2799 526 2862 1.
559 2798 660 2862 11.
730 2799 871 2861 Pam
931 2800 1006 2862 de
1052 2798 1256 2861 diebus
1303 2798 1602 2879 rebiyioeis
1652 2797 1881 2879 ayitari
1928 2804 2219 2879 coeptum,
2271 2797 2537 2880 diemque
2582 2818 2639 2858 a.

264 2906 324 2967 d.
391 2903 661 2988 quintum
722 2904 1006 2965 decimum
1065 2904 1210 2973 Kal,
1264 2904 1516 2968 Sextiles
1563 2902 1799 2987 dupbi'ci
1848 2903 2018 2965 clade
2066 2902 2354 2981 insiqnem
2399 2938 2484 2950 —
2530 2923 2643 2985 quo

268 3009 366 3071 die
433 3011 516 3071 ad
583 3010 909 3071 Cremeram
976 3008 1148 3070 Fabii
1211 3010 1368 3071 caesi
1383 3003 1430 3087 ‚'
1463 3031 1574 3093 quo
1633 3009 1851 3071 deinde
1912 3009 1995 3069 ad
2040 3007 2242 3069 Aliam
2288 3030 2415 3069 cum
2462 3005 2645 3069 exitio

265 3113 428 3176 urbis
471 3114 669 3198 foede
710 3121 1048 3195 puqnatum
1097 3152 1182 3162 —-
1229 3138 1266 3176 a
1303 3115 1638 3196 posteriore
1687 3115 1857 3176 clade
1903 3114 2204 3175 Aliensem
2250 3112 2646 3194 appellarunt

271 3218 438 3281 insi
446 3240 786 3302 quemque
846 3218 937 3280 rei
998 3218 1228 3281 nullius
1263 3219 1508 3300 publice
1564 3219 1989 3302 privatumque
2039 3219 2303 3297 ayendae
2329 3217 2644 3301 fecerunt.

357 3324 773 3388 Parenthesin
831 3322 1084 3387 lineolis
1144 3323 1414 3401 inclusi,
1478 3330 1554 3387 ut
1613 3323 1975 3389 luculenter
2024 3326 2324 3406 appareat
2372 3320 2645 3385 alterum

266 3429 432 3493 illud
492 3429 882 3509 ineiqnem
948 3449 1025 3491 ex
1073 3430 1302 3513 prioris
1352 3431 1729 3513 repetitione
1778 3432 1992 3493 ortum
2043 3448 2177 3491 esse
2226 3425 2649 3491 scribendum-

271 3556 394 3620 que
439 3534 718 3618 reique
763 3533 997 3596 nullius
1043 3533 1175 3613 (vel
1221 3533 1382 3596 nulli
1430 3556 1578 3599 cum
1624 3535 1856 3614 Paris.)
1900 3581 1918 3598 .
1942 3580 1959 3596 .
1990 3580 2005 3597 .
2046 3534 2309 3612 ayendae
2333 3532 2650 3616 fecerunt.
2672 3592 2685 3601 ,

272 3640 480 3705 Miror
525 3638 917 3704 Muellerum
962 3641 1271 3723 recepisse
1315 3639 1745 3726 inelegantem
1792 3636 2292 3722 Freudenbergii
2337 3637 2653 3700 coniectu*-

269 3766 412 3811 ram
454 3745 856 3829 ineiqnemque
901 3744 1306 3824 reliqione
1350 3748 1476 3809 rei
1519 3745 1807 3809 ullius.

363 3967 418 4011 c.
471 3944 530 4011 6.
558 3943 621 4009 8.
693 3943 980 4007 Camillus
1029 3992 1044 4007 .
1073 3991 1086 4007 .
1120 3991 1135 4007 .
1183 3945 1392 4025 inqens
1453 3945 1597 4008 inde
1660 3944 1753 4007 ait
1814 3966 1959 4008 onus
2019 3966 2057 4004 a
2104 3940 2337 4023 populo
2384 3939 2651 4002 Romano

271 4050 388 4113 eibi
406 4100 423 4127 ,
487 4050 591 4134 qui
652 4072 715 4112 ee
781 4048 1221 4127 (dictatorem)
1285 4052 1407 4113 iam
1471 4057 1746 4135 quartum
1810 4054 2063 4113 creasset
2083 4094 2099 4123 ,
2163 4066 2546 4129 maynumque
2614 4067 2653 4105 a

272 4162 484 4218 senatu
543 4154 765 4217 talibus
823 4155 896 4216 de
953 4175 1016 4216 ee
1060 4154 1310 4217 iudiciis
1361 4155 1535 4231 <eius
1565 4144 1887 4233 ordinis),
1936 4174 2269 4215 maxumum
2316 4158 2435 4213 tam
2479 4151 2655 4212 hono—

275 4267 408 4323 rato
454 4260 810 4339 colleqarum
857 4258 1124 4343 obsequio
1172 4259 1431 4342 iniunqi.
1578 4253 1584 4258 ’
2494 4254 2499 4257 ’

364 4364 742 4430 Muellerius
805 4362 1064 4431 seclusit
1130 4365 1477 4429 dictatorem
1494 4415 1510 4444 ,
1579 4385 1699 4450 ego
1763 4365 2039 4429 alterum
2090 4365 2288 4428 etiam
2335 4360 2655 4447 glossema

274 4491 404 4534 non
446 4472 662 4534 minus
708 4471 1011 4533 otiosum.

2334 4583 2363 4629 2
