3351 5463
1100 424 1184 471 mi
1231 423 1392 472 noco
1441 422 1790 472 6161166166.
2504 409 2631 475 119

262 582 575 661 Caesaris3
638 585 759 649 hoc
820 587 1045 670 probat
1090 589 1224 651 iam
1270 591 1415 651 tum
1460 589 1746 672 viguisse
1785 607 1927 652 eam
1973 587 2188 675 legem
2236 611 2362 674 qua
2405 590 2638 657 Caesar

257 688 425 755 solvi
470 688 681 755 voluit
697 737 714 767 ,
762 692 898 755 iam
942 696 1087 755 tum
1132 689 1277 776 lege
1317 694 1744 756 constitutum
1783 692 1981 757 fuisse
2019 698 2097 758 ut
2135 716 2356 760 eorum
2378 701 2636 760 tantum

256 798 418 861 ratio
454 795 799 860 haberetur
843 817 995 889 cum
1038 797 1331 863 consules
1376 803 1737 863 crearentur
1753 844 1770 874 ,
1799 800 1910 881 qui
1941 819 2008 863 se
2031 806 2244 883 petere
2270 802 2638 885 profitentes

256 901 563 965 adessent.
2109 894 2116 899 ⁶

344 1006 448 1070 Ad
509 1006 667 1071 haec
732 1006 858 1071 duo
922 1012 1306 1094 argumenta
1364 1010 1421 1072 si
1469 1007 1762 1072 addimus
1807 1006 2023 1071 locum
2065 1008 2400 1075 Plutarchi
2445 1030 2640 1095 supra

258 1112 613 1177 indicatum
660 1111 853 1191 (Mar.
906 1112 1039 1192 12),
1104 1116 1219 1197 qui
1264 1113 1683 1177 disertissime
1729 1111 2004 1177 affirmat
2045 1116 2179 1178 iam
2223 1135 2280 1179 a.
2335 1115 2462 1179 105
2509 1136 2640 1179 non

254 1216 509 1281 licuisse
558 1217 661 1279 τὸν
708 1218 952 1281 ἀπόντα
1001 1219 1341 1294 αἱρεῖσθαι,
1390 1224 1456 1282 et
1499 1216 1673 1282 locos
1719 1222 2054 1283 auctorum
2102 1222 2213 1303 qui
2257 1220 2635 1297 ostendunt,

256 1341 397 1387 rem
440 1342 645 1405 neque
690 1342 748 1385 a.
802 1321 887 1387 62
934 1342 1138 1407 neque
1185 1328 1404 1407 postea
1449 1342 1565 1406 pro
1608 1342 1775 1386 nova
1813 1326 1877 1385 et
1915 1344 2130 1387 recens
2165 1326 2467 1389 instituta
2503 1344 2639 1389 esse

254 1426 545 1490 habitam
564 1474 581 1502 ,
630 1426 740 1492 sed
787 1426 1073 1492 moribus
1121 1427 1396 1512 publicis
1442 1429 1698 1511 penitus
1735 1432 2055 1511 receptam
2093 1428 2290 1495 fuisse
2307 1476 2324 1506 ,
2365 1429 2639 1494 dubium

252 1530 511 1595 nullum
548 1538 855 1615 superest.
896 1532 1069 1597 Mihi
1111 1538 1349 1610 autem,
1391 1553 1541 1597 cum
1578 1550 1889 1608 censeam,
1929 1532 2016 1609 id,
2059 1533 2230 1617 quod
2266 1534 2636 1618 „profiteri”

252 1638 319 1699 in
378 1634 637 1722 legibus
698 1636 944 1701 dictum
1007 1640 1126 1715 sit,
1188 1637 1329 1701 fleri
1383 1659 1508 1702 non
1556 1638 1838 1721 potuisse
1883 1639 2056 1700 nisi
2099 1658 2137 1702 a
2183 1641 2639 1722 praesenti-

252 1740 352 1804 bu
369 1762 403 1803 s
465 1745 531 1805 et
596 1741 674 1805 ab
735 1744 894 1827 ipsis
957 1744 1070 1825 qui
1132 1746 1421 1827 peterent
1484 1741 1783 1825 quidem,
1843 1744 2039 1806 etiam
2085 1741 2212 1806 alia
2257 1749 2639 1829 argumenta

251 1844 445 1909 utilia
510 1852 694 1923 sunt,
772 1846 1015 1911 scilicet
1083 1867 1156 1911 ea
1216 1847 1450 1931 quibus
1510 1846 1980 1912 demonstretur
2039 1850 2171 1911 iam
2233 1854 2378 1912 ante
2439 1869 2494 1913 a.
2549 1846 2634 1911 63

251 1953 566 2015 rationem
635 1950 855 2015 haberi
920 1953 1205 2016 comitiis
1274 1971 1399 2015 non
1467 1950 1726 2015 licuisse
1792 1972 2016 2016 eorum
2083 1954 2198 2036 qui
2262 1974 2304 2037 p
2325 1974 2356 2016 r
2375 1973 2411 2016 6
2429 1953 2634 2019 fessi

251 2077 294 2117 n
308 2075 345 2119 o
362 2077 411 2118 n
456 2075 491 2118 6
506 2074 537 2118 s
556 2077 588 2118 s
604 2075 639 2119 6
654 2077 697 2119 11
714 2060 763 2119 t.

338 2157 562 2223 Huius
619 2162 714 2223 rei
773 2162 1207 2225 certissimum
1267 2165 1728 2245 argumentum
1791 2165 1887 2225 est
1931 2162 1998 2223 in
2046 2179 2236 2224 causa
2280 2158 2597 2227 Catilinae
2614 2208 2632 2239 ,

250 2267 439 2327 cuius
482 2284 521 2327 a
571 2261 656 2327 66
704 2266 985 2329 comitiis
1014 2265 1265 2353 'quibus
1312 2264 1599 2329 consules
1645 2271 2010 2330 crearentur
2054 2267 2370 2329 rationem
2417 2286 2483 2331 se
2529 2267 2637 2331 ha-

248 2370 546 2434 biturum
590 2391 715 2434 non
756 2391 892 2435 esse
934 2369 1136 2435 edixit
1173 2368 1399 2435 consul
1438 2372 1575 2435 eius
1615 2371 1798 2446 anni,
1844 2368 2056 2453 „quod
2094 2371 2264 2433 intra
2299 2368 2634 2455 legitimos

250 2474 381 2539 dies
436 2474 722 2558 profiteri
764 2474 1169 2560 nequiverit’'
1199 2475 1273 2553 1).

336 2580 679 2645 Praeterea
740 2582 1185 2645 necessitatem
1247 2578 1583 2663 profitendi
1644 2582 1713 2658 (i.
1739 2600 1795 2643 6.
1845 2578 2198 2645 secundum
2243 2599 2456 2644 meam
2488 2600 2636 2643 sen-

247 2686 521 2750 tentiam
589 2688 939 2770 praesentis
999 2684 1281 2770 petendi)
1344 2687 1478 2749 iam
1538 2686 1897 2769 antiquitus
1941 2684 2139 2748 fuisse
2183 2686 2597 2750 constitutam
2613 2733 2630 2764 ,

248 2795 515 2874 apparet
576 2811 657 2855 ex
720 2811 793 2856 66
846 2793 985 2856 iure
1033 2789 1340 2876 peculiari
1357 2837 1373 2866 ,
1424 2790 1595 2875 quod
1638 2789 1895 2855 valebat
1937 2791 2010 2858 in
2056 2790 2480 2855 creationibus
2524 2794 2636 2854 tri·-

246 2895 568 2960 bunorum
613 2894 834 2980 plebis.
882 2895 984 2959 Ibi
1030 2898 1203 2960 enim
1250 2894 1479 2981 regula
1520 2898 1770 2981 viguit,
1820 2897 1877 2959 si
1915 2913 2222 2958 numerus
2259 2915 2482 2960 eorum
2522 2899 2635 2981 qui

246 3001 515 3083 professi
575 3005 865 3084 peterent
923 3021 1049 3064 non
1111 2999 1394 3084 expleret
1453 3020 1801 3065 numerum
1863 3020 2085 3064 eorum
2129 3001 2243 3083 qui
2287 3002 2486 3064 creari
2531 2999 2633 3064 de-

245 3105 469 3170 berent
512 3105 801 3184 (decem),
852 3111 927 3168 ut
973 3104 1143 3190 plebi
1190 3104 1413 3170 liceret
1458 3111 1556 3170 tot
1594 3108 1766 3170 cives
1805 3107 1919 3188 qui
1955 3103 2223 3188 professi
2260 3124 2387 3169 non
2424 3110 2632 3169 essent

244 3210 541 3274 tribunos
582 3207 790 3293 plebis
837 3210 1039 3274 facere
1055 3258 1071 3287 ,
1120 3216 1275 3294 quot
1320 3209 1459 3274 loca
1502 3208 1853 3274 candidatis
1901 3228 2104 3274 vacua
2138 3214 2536 3272 remanerent
2556 3208 2630 3288 2).

247 3315 465 3380 Huius
511 3317 605 3379 rei
648 3317 813 3380 ratio
860 3323 996 3380 erat
1016 3364 1031 3392 ‚
1082 3315 1251 3400 quod
1270 3364 1286 3393 ,
1336 3337 1485 3380 cum
1531 3315 1830 3378 futurum
1876 3319 2041 3378 esset
2087 3318 2164 3377 ut
2203 3316 2260 3377 is
2299 3316 2632 3398 magistra·

246 3425 349 3484 tus
398 3442 437 3485 6
482 3419 812 3504 republica
858 3419 1196 3486 tolleretur
1232 3423 1289 3485 si
1336 3441 1648 3505 umquam
1687 3419 1997 3484 accideret
2031 3424 2107 3482 ut
2145 3418 2392 3483 tribuni
2426 3417 2630 3502 plebis

245 3528 630 3611 magistratu
677 3525 983 3592 abeuntes
1030 3547 1228 3590 novos
1276 3527 1565 3591 tribunos
1610 3525 1977 3610 designatos
2015 3544 2143 3587 non
2180 3521 2627 3607 relinquerent,

246 3651 393 3694 cum
434 3649 577 3694 eam
616 3631 695 3694 ob
735 3650 997 3694 causam
1033 3632 1453 3717 gravissimae
1491 3651 1727 3715 poenae
1766 3635 1831 3693 et
1868 3626 2261 3714 supplicium
2283 3630 2630 3692 constituta

245 3740 457 3801 essent
514 3737 585 3798 in
646 3755 752 3800 eos
812 3739 926 3820 qui
972 3735 1041 3801 id
1084 3737 1363 3802 facerent
1390 3733 1460 3813 ³),
1510 3737 1633 3800 hoc
1681 3755 1936 3820 quoque
1982 3732 2449 3818 providendum
2491 3739 2627 3798 erat

310 3995 363 4058 1)
401 3994 519 4043 Sall.
554 3993 697 4042 Catil.
734 3994 781 4043 1.
819 3994 898 4042 18.
934 3993 1045 4041 Alio
1078 3993 1182 4042 loco
1217 3993 1275 4042 ds
1313 3993 1388 4041 his
1425 3991 1583 4041 verbis
1616 3991 1804 4056 plenius
1837 4005 1991 4054 agam.

307 4076 365 4140 2)
398 4079 523 4140 App.
560 4075 605 4124 1.
636 4074 698 4122 21
736 4073 803 4138 (a.
844 4075 990 4138 128)2
1038 4072 1126 4122 καὶ
1168 4071 1269 4136 γάρ
1315 4089 1395 4129 τις
1440 4069 1532 4129 ἤδη
1578 4073 1726 4132 νόμος
1772 4069 2043 4132 κεκύρωτο,
2090 4069 2136 4119 εἰ
2178 4068 2438 4133 δήμαρχος
2472 4069 2626 4122 &Sion

242 4159 357 4214 ταῖς
390 4155 793 4218 παραγγελίαις,
838 4155 925 4203 τὸν
962 4151 1113 4215 δῆμον
1150 4151 1207 4203 ἔκ
1241 4153 1440 4203 πάντων
1476 4150 1803 4216 &venatu-Oua
1840 4180 1902 4189 —-
1937 4150 2232 4201 Vocabulum
2270 4149 2529 4215 δήμαρχος
2563 4153 2624 4204 ab

239 4237 458 4303 Appiano
500 4236 710 4302 positum
756 4239 827 4283 est
861 4250 951 4299 pro
990 4236 1271 4284 ‚candidato
1306 4233 1573 4298 legitimo'',
1611 4251 1700 4298 pro
1738 4234 1928 4297 ‚aliquo
1964 4234 2047 4297 qui
2081 4233 2226 4282 salvis
2259 4233 2440 4297 legibus
2471 4234 2626 4284 tribu-

241 4334 326 4368 am
368 4320 565 4368 futurus
608 4315 788 4376 esset’';
841 4317 903 4364 αἱ
931 4317 1277 4379 παραγγελίαι
1310 4320 1423 4366 sunt
1458 4317 1558 4365 dies
1591 4316 1796 4380 legitimi
1828 4313 1996 4378 quibus
2030 4315 2353 4380 profitendum
2386 4319 2532 4376 esset,
2567 4319 2623 4365 ut

238 4403 437 4465 apparet
470 4415 525 4448 ex
561 4398 719 4448 verbis
754 4414 862 4463 pag.
901 4399 1000 4447 118
1034 4399 1142 4448 adn.
1181 4400 1209 4447 1
1246 4399 1421 4447 allatis.

302 4482 360 4546 8)
394 4480 503 4530 Liv.
540 4480 585 4530 8.
608 4480 685 4528 55.
708 4479 787 4529 14.
