3351 5463
1234 403 1736 458 ARISTOPHANBS.
2551 387 2686 458 309

310 575 894 661 pronuntiationem
957 568 1189 652 φένειν)
1250 573 1319 634 111
1383 570 1625 657 vulgus
1688 575 1916 658 notum
1978 577 2108 650 est,
2155 573 2262 638 hic
2309 577 2563 650 autem,
2612 577 2688 637 ut

310 680 462 746 olim
492 679 799 756 ostendi,
848 697 1005 742 118118
1052 678 1323 761 requirit
1370 683 1425 755 φ
1443 700 1485 738 α
1504 679 1526 740 l
1545 700 1575 738 ν
1593 699 1635 738 ω
1655 701 1683 738 ν
1701 724 1718 754 ,
1767 676 2168 743 confirmanti
2213 683 2417 743 metro
2461 698 2687 754 versus

309 785 663 851 antithetici
704 780 856 850 781.
907 782 1050 848 Non
1086 785 1297 868 magis
1336 777 1669 867 hucusque
1709 803 1814 847 me
1850 787 2136 868 poenitet
2174 787 2685 870 coniecturarum

308 889 461 955 olim
517 891 1026 975 propositarum,
1074 908 1169 953 18.
1222 885 1354 953 718
1404 887 1617 966 γάμου
1668 888 1896 966 ἀρδμόν
1943 910 2057 974 pro
2108 888 2318 967 γάμον
2365 891 2574 972 ἀνδρός
2625 897 2689 957 et

308 1016 397 1061 18.
450 991 579 1061 '755
628 992 966 1074 κυρούμενα
1013 1015 1128 1079 pro
1174 991 1590 1072 κρατούμενα.

390 1181 497 1247 γε’
525 1180 815 1352 113ὲῆ1
860 1285 911 1350 δ’
963 1285 1092 1350 ἐστὶ
1141 1285 1361 1363 amm
1410 1286 1587 1351 Pith·
1638 1283 1836 1367 ὥσπερ
1885 1287 1946 1350 ³⁹
1992 1287 2414 1366 A⁰⁶”⁶³⁰⁶¹'“⁰¹“

753 1389 1234 1469 ξενηλατοῦνται
1285 1391 1385 1455 καὶ
1437 1392 1922 1466 κεκίνηνταί
1966 1417 2146 1466 τινες.
2195 1404 2199 1408 “

399 1497 699 1585 Corrigo:
750 1496 1233 1574 ξενηλατοῦνται
1285 1498 1387 1561 καὶ
1438 1499 2111 1565 κατακαίνονταί
2158 1526 2338 1574 τινες.

303 1603 373 1669 111
431 1606 641 1671 vicino
702 1625 798 1671 vs.
852 1601 1025 1671 1017
1066 1602 1425 1690 legendum
1471 1604 1680 1670 videri
1727 1608 1805 1678 ως
1850 1607 1957 1684 οὐκ
2005 1601 2115 1672 οἷδ’
2163 1605 2254 1672 ἂν
2300 1609 2352 1673 εἰ
2395 1608 2408 1696 Ι
2445 1606 2678 1688 φθαίης

303 1710 330 1774 ἔ
342 1717 431 1776 τ’·
483 1710 820 1777 ἐπίκεινται
869 1711 995 1790 γοὶρ
1044 1710 1242 1788 ἐγγὺς
1290 1707 1507 1775 αὑταιί
1554 1710 1822 1777 antehac
1865 1715 2110 1778 monui.

386 1897 491 1965 Vs.
545 1897 742 1964 1080.

386 2088 391 2094 ἦ
474 2001 614 2069 εἶτα
660 2009 872 2084 φυσῶν
918 2003 1036 2077 τοὶς
1084 2003 1319 2086 κίχλας
1372 1983 1737 2071 δείκνυσι
1786 2005 1919 2070 καὶ
1970 2004 2501 2082 λυμαίνεται.

298 2109 480 2176 Suasi
525 2107 846 2196 quondam
894 2108 1215 2174 δεινότατα
1270 2111 1840 2188 καταλυμαίνεται.
1890 2110 2104 2176 Hodie
2150 2111 2323 2177 malo
2373 2111 2670 2185 δεινοῖς

302 2224 577 2290 κακοῖς
626 2215 1157 2295 λυμαίνεται.
1573 2212 1578 2216 ’

382 2401 489 2469 Vs.
545 2400 740 2470 1372.
791 2401 1111 2471 Ginesias:

560 2509 956 2587 α’ναπέτομαι
1006 2508 1075 2584 331
1124 2507 1267 2586 πρὸς
1311 2506 1651 2586 ’Ὄλυμπον
1698 2509 2072 2591 πτερύγεσσι
2123 2509 2426 2592 κούφαις·

557 2614 830 2692 πέτομαι
877 2612 930 2677 δ’
979 2612 1105 2678 ὁδὸν
1154 2609 1377 2678 ἄλλοτ’
1428 2611 1535 2677 ἐπ’
1584 2612 1794 2679 ἄλλαν
1843 2615 2079 2692 μελέων

558 2719 787 2799 ἀφόβῳ
833 2717 1065 2800 φρενὶ
1116 2719 1445 2797 σώματί
1494 2745 1579 2785 τε
1626 2720 1808 2786 νέαν
1859 2721 2174 2815 ἐφέπων..

290 2824 619 2891 Hermann
681 2826 908 2905 ἀφόβῳ
970 2824 1255 2905 φρενὸς
1304 2824 1617 2903 ὄμματι
1669 2828 1969 2904 γενεὰν
2017 2830 2414 2916 corrigebat,
2465 2836 2531 2895 et
2577 2832 2668 2896 sic

290 2929 595 3009 Dindorf‚
643 2933 769 2995 nisi
807 2931 975 3015 quod
1025 2954 1067 3008 γ
1092 2930 1165 2995 έν
1186 2954 1214 2992 ν
1232 2954 1275 2994 α
1298 2956 1327 2995 ν
1367 2932 1694 3017 praetulit.
1742 2926 2062 3018 Equidem
2098 2937 2210 3001 vix
2247 2935 2478 3003 dubito.
2512 2939 2670 3021 quin
2775 2942 2783 2947 “

287 3057 513 3102 verum
559 3038 648 3103 sit

556 3141 785 3223 ἀφόβῳ
835 3143 1125 3223 φρενὸς
1173 3141 1488 3221 ὄμματι
1539 3145 1849 3224 τέχναν
1899 3146 2144 3227 ἐφέπων

288 3252 361 3312 ut
403 3268 498 3314 18.
552 3245 722 3315 1387
772 3248 947 3314 1118111
993 3249 1185 3314 dicit:
1416 3279 1421 3283 ·

377 3352 686 3433 κρέμαται
727 3354 841 3430 μὲν
880 3349 977 3418 οὖν
1019 3354 1288 3418 ἐντεῦθεν
1326 3360 1437 3428 (sc.
1484 3356 1551 3420 ἐκ
1594 3361 1712 3420 τῶν
1753 3362 2050 3437 νεφελῶν)
2089 3360 2250 3434 ἡμῶν
2293 3360 2326 3433 ἦ
2360 3356 2574 3439 τέχνη.

290 3456 362 3524 In
422 3458 891 3546 dithyrambico
955 3462 1233 3525 carmine
1287 3459 1522 3539 τέχναν
1570 3462 1961 3547 spondaeum
1997 3462 2206 3541 ,facere
2251 3484 2432 3550 posse
2477 3485 2665 3530 nemo

288 3565 569 3651 negabit.

373 3749 477 3817 Vs.
532 3750 728 3817 1410.
774 3751 929 3817 Post
972 3752 1143 3819 hunc
1187 3774 1283 3820 vs.
1326 3753 1559 3820 excidit
1598 3754 1916 3821 ἰατταταῖ
1951 3761 2063 3822 aut
2101 3754 2332 3835 similis
2371 3752 2660 3823 Ginesiae

286 3856 679 3923 exclamatio,
728 3857 876 3922 Non
921 3860 1097 3926 enim
1114 3906 1131 3936 ‚
1182 3860 1350 3943 quod
1395 3865 1762 3945 speraverat
1778 3909 1795 3939 ,
1845 3861 1977 3927 alas
2023 3864 2083 3927 ei
2130 3865 2306 3947 aptat
2343 3861 2660 3927 Philetae-

286 3982 392 4027 rus
410 4009 426 4038 ,
474 3962 585 4028 sed
631 3962 749 4029 alis
794 3984 946 4029 eum
991 3964 1301 4031 verberat.

369 4162 474 4231 Vs.
522 4162 698 4229 1450
720 4184 852 4250 sqq.
908 4164 1349 4253 Sycophantae
1365 4215 1382 4245 ‚
1434 4168 1860 4254 Aristophane
1907 4169 2116 4236 iudice
2135 4218 2152 4247 ,
2190 4166 2654 4257 incorrigibiles

283 4275 455 4335 erant
474 4318 491 4348 ,
558 4268 979 4356 similiterque
1036 4276 1259 4357 poetae
1323 4272 1784 4360 dithyrambici
1845 4275 1949 4356 (cf.
2004 4272 2177 4338 1405
2205 4279 2388 4359 sqq.),
2434 4277 2654 4358 itaque

284 4375 474 4545 ῗῐέζιόι
484 4376 765 4564 ει(1118101818
812 4396 1004 4460 quam
1049 4376 1395 4462 patricidae
1413 4426 1430 4455 ,
1480 4380 1716 4465 quippe
1763 4380 1875 4464 qui
1919 4380 2156 4465 corrigi
2192 4384 2466 4463 possent.
2512 4377 2654 4444 Vid.
