3351 5463
713 381 844 451 374
1746 402 2066 451 xnrMArA.

713 568 816 635 καὶ
881 571 932 634 ol
994 571 1262 650 Ἀργεῖοι
1328 569 1462 651 περὶ
1527 572 1640 646 τὴν
1686 571 1865 635 πόλιν
1913 571 2271 634 ἐκυκλοῦντο
2318 570 2424 634 καὶ
2473 570 2645 635 κατὰ
2692 570 2976 646 κεφαλὴν
3017 566 3083 632 τὸ

709 684 928 757 τεῖχος
992 684 1104 751 τῆς
1167 677 1550 755 ἀκροπόλεως
1613 675 2071 757 διώρυττον.
2133 675 2300 756 Quid
2346 680 2432 741 sit
2481 678 2651 741 κατὰ
2702 676 2982 757 κεφαλήν
3024 680 3084 739 et

710 786 1010 849 novimus
1069 788 1454 869 et'apparet
1512 783 1693 848 brevi
1753 787 1897 869 post
1958 782 2144 867 §112
2210 784 2307 847 ἐπὶ
2371 787 2480 847 τοῦ
2544 783 2729 860 ἄκρου
2792 782 3080 846 κατέλιπε

713 890 1070 961 Σικυωνίους
1119 886 1278 960 ὅπως
1329 890 1417 965 μὴ
1467 889 1669 967 ταύτῃ
1718 888 2132 968 περιελθόντες
2180 890 2230 953 οἱ
2260 888 2552 959 ,Φλιάσιοι
2597 889 2769 954 κατὰ
2812 887 3082 966 κεφαλὴν

712 996 914 1060 αὐτῶν
952 993 1240 1071 γένοιντο.
1280 994 1595 1060 Provocat
1632 993 2155 1059 Breitenbachius
2195 994 2273 1059 ad
2306 1001 2592 1060 nostram
2618 992 3082 1080 „mangelhafte

709 1101 1061 1167 Kenntniss
1133 1101 1244 1165 der
1310 1100 1709 1177 Localitiit''3
1784 1099 1890 1165 ssd
1959 1103 2203 1185 optime
2275 1103 2577 1166 novimus
2646 1104 2844 1166 sitam
2901 1100 3084 1163 fuisse

707 1207 1084 1272 Phliuntem
1121 1208 1189 1270 in
1228 1205 1495 1293 planitie
1535 1206 1817 1291 undique
1857 1207 2185 1271 montibus
2222 1206 2634 1271 circumdata.
2682 1206 2745 1270 Ν
2746 1226 2819 1270 ec
2843 1210 3083 1289 tempus

709 1334 880 1379 nunc
943 1317 1079 1378 erat
1125 1312 1431 1377 suffodere
1479 1314 1733 1377 moenia
1780 1318 1845 1377 et
1892 1313 2061 1377 κατὰ
2111 1316 2397 1390 κεφαλὴν
2449 1312 2805 1390 ὑπορύττειν
2853 1329 3086 1394 semper

713 1423 780 1485 et
820 1419 1061 1504 ubique
1107 1417 1458 1483 absurdum
1505 1424 1622 1485 est.
1678 1418 1984 1483 Poterant
2028 1418 2303 1484 Arcades
2344 1419 2607 1483 fortasse
2648 1420 2926 1503 experiri
2960 1436 3089 1502 pos·

713 1530 934 1589 sentne
995 1522 1182 1588 scalis
1240 1544 1460 1588 muros
1523 1524 1933 1603 adscendere;
2002 1523 2112 1588 sed
2171 1526 2237 1588 in
2298 1527 2381 1589 iis
2441 1545 2603 1609 quae
2663 1526 2962 1589 continuo
3006 1540 3089 1585 se-

713 1633 1002 1715 quuntur
1047 1632 1464 1714 quantumvis
1502 1632 1818 1715 corruptis
1836 1678 1853 1707 ,
1893 1629 2190 1694 videmus
2228 1634 2447 1695 tamen
2485 1629 2735 1694 exsules
2766 1646 2907 1694 esse
2942 1646 3087 1711 quos

710 1734 985 1800 Phliasii
1046 1733 1391 1820 repellant;
1459 1735 1782 1801 Arcadum
1845 1741 1909 1800 et
1976 1737 2370 1821 Argivorum
2429 1734 2609 1800 nulla
2674 1736 2769 1800 ibi
2832 1734 3083 1798 mentio.

711 1840 880 1920 Quid
947 1829 1156 1928 igitur
1223 1861 1475 1905 narrare
1546 1841 1909 1926 Xenophon
1968 1838 2233 1906 debuit?
2308 1840 2483 1905 Illud
2540 1840 2722 1906 credo
2741 1888 2756 1917 ,
2826 1837 3087 1904 Arcades

711 1946 1018 2011 insedisse
1085 1952 1335 2012 montes
1352 1996 1369 2024 ‚
1441 1949 1554 2032 qui
1621 1947 1852 2033 oppido
1914 1949 2328 2012 imminerent
2344 1996 2360 2025 ,
2426 1965 2505 2012 ne
2569 1948 2711 2032 quis
2776 1968 2854 2011 ex
2914 1949 3086 2028 capta

711 2052 870 2117 urbe
939 2050 1218 2138 effugere
1284 2057 1514 2137 posset.
1587 2051 1938 2138 Flagitiose
2010 2056 2384 2139 corruptum
2448 2057 2546 2118 est
2605 2051 2923 2131 διώρυττον
2981 2069 3087 2113 nec

711 2158 1064 2251 quidquam
1100 2160 1360 2225 invenio
1399 2158 1942 2223 accommodatius
1965 2180 2160 2244 quam
2202 2158 2268 2223 δι
2292 2182 2321 2223 ε
2338 2165 2437 2239 φρ
2457 2183 2483 2223 ο
2505 2159 2537 2223 ύ
2554 2182 2583 2238 ρ
2602 2182 2628 2223 ο
2649 2181 2683 2221 υ
2700 2181 2750 2222 ν.
2795 2155 3083 2223 Ceterum

715 2268 924 2328 totum
975 2264 1094 2329 hoc
1139 2269 1333 2349 caput
1377 2262 1546 2328 male
1590 2265 1891 2330 habitum
1938 2272 2054 2330 est.

805 2368 1126 2439 CXXVII.
1191 2370 1372 2433 Ὀδοῦ
1416 2370 1719 2449 πάρεργον
1758 2370 2113 2456 Xenophon
2151 2373 2327 2457 operi
2369 2392 2485 2437 suo
2524 2372 2799 2436 inseruit
2828 2369 3083 2435 eximias

711 2472 860 2540 illas
919 2474 1353 2540 Phliasiorum
1411 2473 1633 2540 laudes
1693 2478 1911 2561 itaque
1966 2479 2182 2563 pergit
2242 2478 2513 2542 scribere
2573 2476 2728 2562 quid
2772 2496 2901 2541 una
2944 2492 3081 2539 cum

713 2581 794 2645 iis
860 2579 1096 2647 Chares
1141 2583 1432 2667 gesserit.
1486 2581 1584 2647 Ibi
1629 2582 1785 2647 haec
1832 2603 2084 2668 quoque
2128 2583 2323 2648 verba
2368 2587 2518 2647 sunt
2562 2581 2700 2646 VH.
2739 2581 2814 2646 2.
2844 2580 2961 2645 19:
3006 2579 3079 2648 ὥς

715 2684 777 2752 δὲ
801 2688 911 2761 τὴν
935 2687 1126 2752 νύκτα
1157 2686 1575 2766 ἠγρύπνησαν,
1602 2687 1921 2755 ἐκάθευδον
1958 2688 2146 2771 μέχρι
2187 2688 2375 2769 πόρρω
2417 2695 2529 2762 τῆς
2570 2687 2825 2766 ἡμέρας.
2876 2683 3084 2752 Ocula-

712 2798 860 2858 tum
892 2797 1124 2858 testem
1161 2793 1267 2858 hic
1311 2795 1478 2858 mihi
1523 2795 1744 2859 audire
1788 2796 2013 2860 videor
2057 2802 2122 2860 et
2169 2795 2526 2880 Xenophon
2570 2795 2833 2860 fortasse
2882 2793 3084 2857 dever-

711 2903 877 2963 terat
913 2897 992 2964 ad
1029 2901 1311 2963 amicum
1351 2921 1543 2965 suum
1580 2899 1938 2979 Euclidem,
1984 2923 2175 2986 quem
2215 2921 2292 2966 ex
2334 2901 2608 2966 Anabasi
2648 2901 3078 2987 cog-novimus.

809 3001 1160 3069 CXXVIII.
1248 3003 1386 3083 Quo
1471 3010 1760 3090 tempore
1845 3006 2061 3071 hostes
2150 3005 2366 3072 cibum
2449 3007 2791 3091 parabant,
2878 3004 3076 3069 subito

712 3106 987 3174 Phliasii
1045 3110 1378 3186 munitum
1435 3109 1651 3175 locum
1712 3111 2093 3176 adoriuntur
2154 3117 2220 3177 et
2262 3113 2477 3177 hostes
2526 3113 2791 3198 fugiunt
2837 3123 3082 3174 καταλι-

713 3215 935 3287 πόντες
1001 3201 1210 3281 πάντα
1270 3215 1665 3292 τάπιτήδεια.
1732 3216 1975 3283 Deinde
2027 3220 2319 3303 sequitur
2362 3215 2498 3282 VII.
2551 3217 2613 3284 2.
2641 3215 2765 3282 23:
2830 3217 3080 3280 κάκεῖνοι

714 3322 829 3399 μὲν
897 3326 1108 3386 ταῦτα
1177 3322 1612 3396 δειπνήσαντες
1683 3322 1788 3388 καὶ
1860 3323 2078 3390 οἴκοθεν
2148 3321 2371 3387 ἄλλα
2444 3320 2792 3388 ἐλθόντα
2852 3323 2930 3392 ὥς
2988 3319 3079 3382 ἐπ’

715 3426 985 3511 εὐτυχία
1021 3429 1388 3500 σπείσαντες
1428 3428 1534 3493 καὶ
1584 3429 2035 3501 παιανίσαντες
2084 3431 2189 3494 καὶ
2236 3430 2539 3511 φυλακὰς
2585 3426 3077 3505 καταςησάμενοι

714 3534 1100 3614 κατέδαρθον.
1164 3533 1289 3598 Vix
1351 3534 1511 3600 tales
1573 3537 1883 3601 minutias
1944 3535 2274 3601 retulisset
2335 3536 2721 3621 Xenophon,
2786 3536 2909 3598 nisi
2952 3535 3079 3617 ipse

711 3639 1140 3719 interfuisset3
1189 3639 1299 3704 sed
1344 3661 1469 3704 non
1516 3639 1700 3704 credo
1744 3645 2173 3706 commeatum
2224 3662 2302 3706 ex
2338 3642 2495 3706 urbe
2533 3643 2603 3705 in
2638 3645 2843 3704 castra
2878 3658 3084 3725 appor-

711 3749 927 3810 tatum
985 3745 1180 3810 fuisse
1198 3791 1216 3822 ,
1280 3766 1429 3809 cum
1490 3749 1870 3830 praesertim
1931 3745 2206 3812 Phliasii
2261 3749 2478 3832 inopia
2535 3745 2925 3821 laborarent,
2980 3740 3080 3806 sed

709 3837 902 3937 longe
963 3850 1380 3916 verisimilius
1439 3857 1536 3916 est
1553 3899 1570 3929 ,
1633 3837 1898 3918 effusam
1958 3873 2037 3918 ex
2096 3854 2253 3918 urbe
2314 3849 2802 3917 multitudinem
2844 3849 3080 3915 venisse

709 3956 793 4020 ad
859 3955 1106 4034 locum,
1189 3956 1303 4021 ubi
1372 3975 1578 4041 nuper
1646 3962 2015 4043 pugnatum
2084 3961 2283 4022 esset:
2354 3957 2475 4022 hoc
2542 3955 2966 4020 obtinebimus
3028 3951 3080 4014 si

712 4063 1263 4147 rescripserimus:
1310 4060 1554 4126 ἄλλοι
1605 4063 2012 4135 ἐλθόντες.

805 4165 1105 4232 CXXIX.
1177 4167 1339 4233 Ibid.
1388 4166 1528 4232 VH.
1579 4165 1643 4232 3.
1674 4166 1749 4233 ¹7:
1802 4169 2091 4247 ὑπερορᾶν
2136 4169 2249 4245 μὲν
2297 4170 2363 4232 οὗ
2410 4166 2660 4253 δυνατὸν
2702 4165 2865 4243 ὑμῶν
2902 4165 3077 4244 ἀνδρί,

713 4263 799 4343 ὃς
867 4271 1050 4350 εἰδείη
1109 4273 1342 4353 κυρίους
1405 4274 1519 4345 μὲν
1581 4272 1765 4345 ὄντας
1832 4269 1925 4338 ὅτι
1986 4273 2288 4349 βούλεσθε
2342 4274 2511 4353 αὐτῷ
2556 4272 2839 4350 χρῆσθαι.
2906 4270 3073 4351 Quod

712 4395 1060 4460 pronomen
1123 4379 1289 4456 ὑμᾶς
1350 4379 1666 4444 desiderat
1711 4379 2151 4445 Hartmannus
2168 4427 2185 4457 ,
2234 4377 2486 4444 facilius
2537 4377 2731 4441 fuerit
2777 4379 3073 4462 corrigere

709 4504 741 4545 ο
759 4477 794 4545 ὓ
811 4503 843 4552 ς
889 4483 1094 4557 εἰδείη.
1130 4513 1138 4522 ·

1570 5062 2680 5242 ..4-
