3351 5463
641 331 772 398 140
1633 345 2024 395 Anscnrnus.

632 517 691 579 is
710 564 726 597 ‚
792 534 983 598 quem
1042 516 1139 578 ira
1205 513 1452 577 civium
1512 512 1800 597 graviter
1861 511 2116 594 premit.
2184 506 2487 575 Ceterum
2535 510 2691 576 bene
2737 510 3022 576 Keckius

634 640 783 705 cum
819 618 1075 690 ‚Weilio
1117 616 1515 700 ,δημοκρατου
1573 618 1645 680 111
1707 615 2066 694 δημαροίτου
2127 617 2434 694 correxit,
2495 620 2707 700 spreto
2753 616 3022 681 Porsoni

632 728 896 793 invento
945 725 1382 804 δημοκράντου.

722 945 957 1030 Agam.
1012 940 1163 1007 539.
1214 940 1415 1021 (Wkl.
1468 938 1647 1020 544.)

1081 1047 1318 1127 χαίρω·
1371 1046 1654 1111 τεθνοῖναι
1706 1044 1759 1107 δ’
1809 1046 1914 1110 οὐκ
1963 1046 2188 1124 ἀντερῶ
2240 1046 2412 1117 θεοῖς.

625 1155 856 1221 Facere
901 1176 1029 1219 non
1075 1174 1338 1239 possum
1388 1154 1543 1237 quin
1590 1154 1807 1227 mirer,
1857 1153 2164 1217 eximiam
2207 1151 2268 1215 N
2271 1152 2445 1216 aberi
2485 1150 3018 1230 emendationem,

627 1282 787 1346 quae
847 1261 1013 1324 mihi
1075 1280 1269 1344 quam
1332 1260 1690 1323 certissima
1751 1256 2026 1334 videtur,
2079 1257 2366 1321 nondum
2413 1258 2492 1323 ab
2543 1238 2894 1323 editoribus
2943 1260 3014 1322 in

572 1374 581 1383 '
626 1372 881 1431 textum
942 1372 1263 1450 receptam
1327 1385 1460 1428 esse
1524 1368 1588 1427 et
1648 1365 1761 1428 vix
1810 1365 2155 1427 memorari
2172 1384 2188 1441 ς
2238 1363 2510 1427 verbum
2552 1365 2832 1427 τεθνᾶναι
2884 1365 3022 1429 sive

628 1472 907 1537 τεθνάναι
977 1474 1220 1535 mirum
1267 1474 1583 1556 quantum
1629 1471 1714 1533 iis
1759 1468 2007 1554 placere
2053 1467 2332 1533 videtur.
2397 1465 2683 1534 Coniecit
2730 1470 2836 1534 vir
2887 1469 3026 1535 doc-

631 1580 955 1643 tissimus:

1084 1682 1375 1762 χαίρετε,
1426 1684 1624 1746 θανεῖν
1672 1678 1728 1744 δ’
1781 1682 1884 1744 οὐκ
1935 1682 2160 1759 ἀντερῶ
2212 1680 2362 1751 θεοῖς
2413 1680 2527 1745 ἔτι.

630 1790 774 1855 Ν611
842 1811 1000 1875 opus
1069 1794 1167 1853 est
1229 1794 1303 1853 ut
1364 1793 1654 1872 repetam
1717 1806 1876 1872 quae
1941 1789 2184 1871 optime
2245 1787 2322 1851 de
2376 1787 2494 1850 hac
2540 1807 2608 1850 re
2657 1786 3024 1871 disputavit

630 1899 737 1961 vir
784 1896 1211 1961 doctissimus.
1259 1894 1585 1978 Perpauca
1632 1891 2035 1957 solummodo
2080 1894 2150 1956 in
2197 1892 2316 1956 hac
2363 1894 2724 1957 coniectura
2769 1898 3026 1957 mutare

632 2000 869 2078 velim,
920 2001 1236 2065 scribens:

1080 2103 1279 2183 χαίρω
1330 2106 1525 2166 θανεῖν
1574 2100 1637 2166 τ’
1693 2104 1797 2166 οὐκ
1847 2104 2074 2180 οὶντερῶ
2123 2104 2275 2172 θεοῖς
2325 2100 2436 2166 ἔτι.

630 2210 821 2275 Vides
838 2258 855 2288 ,
920 2212 1225 2274 nuntium
1288 2210 1417 2273 1616
1462 2207 1692 2271 iisdem
1739 2208 1952 2272 verbis
1999 2210 2099 2271 uti
2147 2208 2380 2292 quibus
2420 2206 2677 2273 Simeon
2719 2228 2878 2273 usus
2927 2214 3026 2272 est

632 2318 701 2379 in
747 2314 991 2400 templo
1039 2305 1661 2399 Hierosolymitan0.'

725 2518 957 2603 Agam.
1008 2516 1162 2581 626.
1212 2514 1370 2596 (631
1423 2514 1667 2605 Wkl.)

1087 2619 1333 2702 πότερον
1382 2619 1682 2699 ἀναχθεὶς
1732 2620 2028 2699 ἐμφανῶς
2077 2618 2146 2695 ἐξ
2195 2619 2413 2698 Ἰλίου,

1086 2726 1119 2801 ἢ
1167 2736 1410 2808 χεῖμα,
1462 2724 1647 2791 κοινὸν
1697 2723 1923 2804 ἄχθος,
1970 2722 2205 2804 ἥρπασε
2255 2729 2560 2804 στρατοῦ;

630 2831 1031 2897 Vocabulum
1079 2833 1377 2910 ἐμφανῶς
1422 2837 1592 2896 recte
1632 2833 1738 2896 hic
1779 2831 2086 2916 explicari
2124 2835 2348 2916 nequit
2387 2831 2742 2912 (Wecklein
2782 2835 3020 2898 vertit:

630 2936 764 3016 „Ist
810 2958 878 3001 er
922 2936 1253 3002 vielleicht
1301 2936 1721 3002 unvermerkt
1770 2958 1884 3002 vor
1930 2937 2116 3023 Troja
2161 2937 2787 3022 zuriickgeblieben''
2809 2937 2822 3002 Ξ
2845 2937 2860 3002 l
2884 2935 3016 3020 ??);

624 3042 971 3127 legendum
1042 3045 1336 3119 omnino,
1409 3041 1579 3125 quod
1649 3063 1871 3107 sensus
1941 3044 2244 3126 requirit,
2309 3042 2581 3122 οἰόφρων,
2649 3046 2738 3108 sic
2801 3047 3021 3111 omnia

626 3153 795 3212 recte
860 3167 925 3211 se
987 3147 1242 3213 habent.
1308 3145 1665 3232 Aeschylus
1728 3168 1882 3216 voce
1941 3149 2190 3227 οἱόφρων
2247 3150 2458 3212 utitur
2505 3149 2727 3213 eadem
2774 3149 3021 3236 signifi-

628 3253 876 3316 catione
922 3273 1048 3337 qua
1094 3247 1245 3329 oe'oq,
1296 3273 1348 3316 e.
1376 3273 1441 3338 g.
1493 3252 1744 3331 οἰόφρων
1793 3253 2020 3330 πέτρη,
2069 3272 2298 3317 verum
2337 3253 2441 3317 hic
2483 3255 2680 3318 etiam
2716 3251 3022 3338 legitima

627 3357 1091 3443 significatione
1151 3362 1318 3422 stare
1380 3363 1626 3442 potest,
1679 3359 1733 3420 si
1781 3360 2050 3442 accipias
2069 3405 2085 3434 ,
2134 3356 2506 3423 Menelaum
2551 3380 2676 3422 non
2723 3359 3020 3424 eiusdem

628 3484 778 3528 cum
826 3464 1019 3528 fratre
1070 3465 1420 3528 sententiae
1468 3463 1663 3527 fuisse
1714 3462 1790 3527 de
1840 3469 2125 3548 tempore
2171 3463 2278 3528 vel
2322 3463 2513 3528 modo
2562 3464 2934 3550 navigandi.

719 3567 915 3632 Video
958 3571 1154 3632 etiam
1194 3567 1579 3652 Machlyum
1616 3571 1684 3633 in
1723 3569 1885 3632 hanc
1925 3569 2432 3633 emendationem
2473 3570 2790 3646 incidisse,
2832 3569 3020 3636 nolui

627 3677 843 3736 tamen
912 3693 1055 3737 eam
1122 3673 1227 3736 hic
1288 3672 1474 3736 silere
1492 3719 1508 3749 ,
1575 3678 1721 3736 tum
1784 3675 1935 3758 quia
1994 3675 2160 3737 mihi
2220 3677 2682 3758 pernecessaria
2727 3675 3014 3754 videtur,

624 3782 769 3842 tum
836 3780 987 3862 quia
1044 3777 1161 3842 illa
1226 3780 1586 3843 coniectura
1634 3799 1670 3843 a
1717 3781 1874 3844 viris
1920 3779 2122 3844 doctis
2169 3783 2352 3865 quasi
2399 3783 2738 3867 ignoratur
2784 3785 2848 3845 et
2895 3781 3022 3845 for-

624 3887 790 3948 tasse
838 3881 1081 3967 aliquid
1131 3881 1357 3948 auxilii
1401 3904 1435 3947 e
1483 3904 1792 3948 consensu
1837 3887 2120 3969 accipere
2167 3873 2395 3970 potest.

717 4100 951 4184 Agam.
1003 4099 1155 4164 966.
1205 4097 1361 4178 (957
1411 4098 1614 4180 Wkl.)

1076 4203 1240 4284 ῥίζης
1286 4205 1411 4283 γὰρ
1462 4204 1645 4276 οὔσης
1693 4205 1954 4285 φυλλὰς
2005 4202 2158 4269 ἵκετ’
2202 4208 2266 4277 ἐς
2315 4205 2568 4284 δόμους,

1074 4310 1253 4373 σκιὰν
1304 4309 1720 4390 ὑπερτείνασα
1767 4311 1985 4387 σειρίου
2035 4310 2228 4383 κυνός.

626 4415 818 4482 Η11116
875 4415 1090 4482 16611111
1153 4417 1465 4482 vitiosum
1526 4437 1660 4482 esse
1711 4415 1894 4487 facile
1940 4416 2348 4505 intelligitur,
2401 4418 2570 4502 quod
2617 4422 2836 4484 tamen
2883 4417 3019 4506 ple-
