3351 5463
728 387 863 454 294
1670 403 2168 453 Ams'rormnns.

724 577 976 636 νοστεῖν.
1025 567 1266 635 Melior
1310 589 1460 634 sane
1507 570 1647 634 eius
1694 572 1788 635 rei
1834 573 2074 636 occasio
2109 570 2526 656 praebebatur
2561 571 2801 635 marito
2837 567 3071 642 amicae,

720 677 791 741 in
837 678 1021 742 cuius
1068 675 1330 742 aedibus
1344 723 1362 753 ,
1417 678 1475 741 si
1516 697 1666 741 sana
1704 679 1802 741 est
1835 675 2026 743 lectio
2064 677 2300 742 tradita
2315 725 2333 756 ,
2374 677 2611 743 festum
2651 674 3077 743 celebrabam.

813 924 921 991 Vs.
970 924 1124 992 801.

811 1029 1093 1108 βάσανον
1142 1029 1356 1108 δῶμεν,
1406 1027 1645 1109 πότεροι
1695 1029 1939 1110 χείρους
1958 1052 1972 1069 ·
2025 1034 2205 1109 ἡμεῖς
2250 1031 2365 1108 μὲν
2412 1031 2538 1113 γάρ
2585 1029 2809 1112 Φαμὲν
2849 1031 3033 1107 ὑμᾶς,

815 1138 992 1214 ὑμεῖς
1038 1137 1091 1200 δ’
1143 1138 1332 1214 ἡμᾶς.
1384 1135 1775 1215 Σκεψώμεθα
1824 1136 1894 1210 δὴ
1943 1139 2380 1216 καντιτιθῶμεν
2425 1163 2474 1203 οι·
2490 1161 2520 1217 ρ
2539 1138 2567 1203 ὸ
2584 1162 2613 1211 ς
2661 1134 2694 1202 ἕ
2709 1161 2751 1202 ιι
2769 1160 2812 1201 α
2828 1160 2865 1201 σ
2881 1160 2918 1200 τ
2936 1158 2962 1200 ο
2977 1160 3006 1199 ν

812 1240 1539 1324 παραβάλλουσαι
1597 1251 1739 1317 τῆς
1789 1268 1876 1308 τε
1923 1246 2315 1322 γυναικὸς
2365 1243 2498 1310 καὶ
2547 1243 2890 1325 τάνδρὸς
2936 1239 3087 1306 τοῦ-

2503 1349 2664 1427 νομ’
2707 1346 3081 1415 ἕκαστον·

814 1451 1247 1533 Ναυσιμάχης
1292 1452 1409 1532 μέν
1456 1453 1527 1533 y’
1576 1451 1773 1528 ἥττων
1819 1453 1988 1519 ἐστὶν
2033 1463 2336 1536 Χαρμῖνος
2354 1477 2370 1494 ·
2421 1469 2564 1520 κτλ.

670 1563 677 1568 ’
719 1561 1041 1642 Quorsum
1078 1580 1313 1644 quaeso
1351 1564 1487 1624 tam
1526 1557 1801 1625 molesta
1837 1561 2188 1627 verbositas
2206 1609 2224 1640 ‚
2264 1562 2379 1627 ubi
2417 1563 2574 1627 satis
2595 1559 2839 1640 fuerat,
2864 1560 3082 1626 omisso

717 1687 910 1734 versu
954 1667 1353 1752 insequenti,
1403 1667 1712 1732 scribere:

1372 1773 1765 1852 Σκεψώμεθα
1811 1771 1881 1848 δη
1930 1771 2370 1852 κάντιτιθῶμεν
2415 1798 2453 1841 κ
2469 1799 2513 1840 α
2533 1773 2581 1839 θ’
2625 1769 2709 1839 ἔκ
2724 1796 2771 1838 α
2790 1797 2828 1839 σ
2844 1796 2884 1838 τ
2898 1797 2926 1838 ο
2942 1796 2971 1836 ν
2987 1793 3001 1811 ·

807 1876 1244 1960 Ναυσιμάχης
1292 1879 1407 1955 μὲν
1454 1876 1630 1944 τοτὲ]

715 1985 885 2066 Quin
942 1984 1365 2071 interpolator
1422 1985 1528 2050 hic
1590 1990 1922 2072 grassatus
1969 1989 2055 2052 sit
2099 2008 2304 2072 neque
2351 1985 2510 2053 olim
2555 1986 2850 2053 dubitavi
2890 2004 3081 2070 neque

716 2091 907 2158 hodie
952 2092 1197 2158 dubito.

804 2323 1433 2509 ἕζδβὲῗοκλέψασα
1477 2433 1633 2508 γυνη
1681 2429 1722 2512 ζ
1734 2457 1765 2498 ε
1785 2430 1882 2511 ὑγ
1901 2455 1966 2497 ει
2015 2431 2186 2499 κατὰ
2231 2432 2619 2514 πεντήκοντα
2663 2409 2990 2498 τάλαντα·

805 2537 867 2610 ἐς
916 2534 1097 2602 πόλιν
1145 2533 1304 2603 ἔλθοι
1351 2543 1468 2602 τῶν
1514 2537 1854 2615 δημοσίων·
1905 2537 2058 2602 dm?
2105 2551 2250 2604 κτλ.

712 2641 817 2707 Ad
868 2647 1226 2707 structurae
1272 2641 1581 2708 duritiem
1624 2644 1963 2708 conferunt
2005 2641 2192 2728 Vesp.
2245 2640 2397 2710 717.
2445 2642 2634 2710 mcci·
2672 2641 2867 2709 1049.
2912 2639 3076 2706 Plut.

710 2747 866 2813 204.
928 2748 1058 2814 Hic
1120 2754 1339 2814 tamen
1398 2752 1637 2834 partim
1697 2756 1868 2815 certe
1927 2771 2072 2816 eam
2131 2749 2319 2816 facile
2365 2752 2604 2817 evitare
2646 2751 2861 2835 potuit
2902 2753 3078 2834 poeta

710 2851 1110 2917 admittendo
1154 2854 1272 2920 hoc
1319 2855 1663 2921 verborum
1709 2856 1960 2921 ordine:

806 2956 958 3023 Οὐδ’
1004 2956 1082 3022 ἂν
1130 2957 1411 3039 ζεύγει
1460 2962 1762 3047 zucam
1813 2964 1969 3041 γυνη
2015 2961 2189 3027 κατὰ
2234 2960 2618 3036 πεντήκοντα
2662 2961 2955 3025 τάλαντα

798 3064 861 3134 ἐς
910 3063 1087 3128 πόλιν
1135 3063 1292 3130 ἔλθοι
1340 3072 1459 3131 τῶν
1508 3067 1809 3145 δημοσίων
1829 3088 1845 3107 ·

707 3167 772 3234 Ν
770 3189 879 3233 am
939 3170 1136 3236 verba
1196 3173 1314 3237 τῶν
1378 3170 1678 3249 δημοσίων
1733 3173 1961 3239 statim
2021 3178 2167 3257 post
2211 3170 2509 3237 τάλαντα
2553 3190 2782 3257 ponere
2828 3170 3078 3236 vetabat

708 3295 977 3360 sequens
1022 3275 1222 3341 άλλά.

795 3524 902 3590 Vs.
953 3524 1107 3590 828.
1158 3524 1219 3587 ἕν
1266 3533 1409 3598 ταῖς
1452 3533 1896 3604 στρατιαῖς
1935 3526 1950 3611 Ι
1992 3523 2266 3607 ἔρριπται
2315 3525 2385 3589 τὸ
2433 3524 2753 3590 σκιάδειον.

701 3629 1121 3721 Athenienses
1156 3632 1485 3696 interdum
1524 3633 1790 3711 στρατιά
1832 3632 2068 3697 dixisse
2105 3654 2221 3718 pro
2261 3632 2562 3711 στρατεία
2599 3632 2822 3717 negari
2843 3632 3076 3717 nequit.

703 3734 803 3802 Cf.
852 3738 1010 3802 Ach.
1052 3736 1207 3801 251.
1255 3737 1373 3821 Eq.
1421 3735 1573 3803 587.
1622 3738 1776 3824 Lys.
1820 3736 1972 3803 592.
2019 3738 2201 3804 Idem
2237 3737 2414 3803 valet
2453 3736 2530 3802 de
2569 3736 2865 3825 sollemni
2886 3739 3077 3801 etiam

700 3842 871 3927 apud
928 3841 1252 3927 pedestres
1314 3843 1592 3908 formula
1656 3844 1757 3907 ἐπὶ
1824 3848 2124 3922 στρατιᾶς
2148 3891 2165 3922 ,
2211 3842 2491 3906 militiae.
2552 3842 2746 3907 Recte
2793 3841 2876 3906 ad
2921 3842 2984 3906 h.
3029 3841 3073 3906 1.

697 3952 887 4012 vetus
930 3947 1275 4013 scholiasta
1318 3949 1613 4014 adnotat:
1663 3947 1954 4027 συνέχεεν
2001 3949 2108 4013 καὶ
2153 3944 2321 4020 οὗτος
2338 3996 2356 4025 ,
2409 3950 2486 4020 ὥς
2533 3945 2805 4016 Εὔπολις
2847 3945 3078 4011 πολλά-

701 4074 829 4123 κις·
879 4055 1242 4131 στρατια
1289 4055 1404 4131 μὲν
1450 4056 1579 4131 γὰρ
1626 4055 1698 4119 τὸ
1743 4056 2013 4132 πλῆθος,
2062 4056 2464 4133 στρατεία
2515 4052 2578 4117 δὲ
2615 4056 2652 4128 ἦ
2691 4051 3071 4132 στράτευσις.

694 4156 835 4222 Hoc
892 4179 1055 4224 vero.
1094 4160 1443 4225 tenendum
1459 4209 1476 4237 ‚
1525 4180 1845 4244 nusquam
1890 4162 2138 4224 ratione
2181 4162 2441 4225 inversa
2485 4157 2786 4239 στρατεία
2835 4158 3073 4245 signifi·

697 4283 839 4328 care
900 4265 1238 4330 exercitum.
1302 4250 1474 4329 Fieri
1519 4270 1735 4349 potest
1781 4268 1857 4327 ut
1872 4313 1889 4341 ‚
1937 4265 2052 4328 ubi
2099 4265 2365 4341 στρατιά
2411 4286 2527 4349 pro
2574 4264 2872 4343 στρατεία
2921 4265 3073 4330 dice-

644 4350 653 4359 ·
694 4372 840 4433 rent
853 4416 871 4445 ,
918 4390 1044 4433 non
1086 4371 1355 4449 στρατιά
1404 4370 1517 4435 sed
1560 4372 1778 4455 potius
1823 4370 2092 4448 στρατία
2137 4374 2642 4454 pronuntiarent.
