3351 5463
1173 377 1257 424 nn
1302 377 1453 424 runn-
1500 376 1784 424 nomano.
2529 356 2662 446 23¹7

286 541 717 607 mensuralem
778 542 1240 628 obligationem
1299 543 1627 607 referetur.
1692 541 1862 607 Nam
1921 562 2152 627 parum
2197 545 2295 606 est
2337 541 2665 626 probabile

286 649 663 736 Augustum
733 648 1078 715 absolvisse
1137 637 1613 734 possessionum
1675 647 2106 713 mensuralem
2168 647 2670 742 obligationem,

288 777 445 841 quae
515 761 859 841 postquam
926 756 1269 822 adinventa
1340 760 1477 821 erat
1548 753 1876 820 decimalis
1947 759 2012 819 et
2082 739 2534 839 logarithmica
2603 760 2668 819 et

286 864 751 948 goniometrica
811 865 974 927 ratio
1036 867 1253 927 tamen
1317 862 1435 928 hoc
1496 861 1749 926 saeculo
1793 881 1907 945 per
1953 859 2199 926 Galliae
2245 864 2457 944 partes
2497 862 2671 923 intra

290 967 710 1053 quadraginta
748 989 944 1033 annos
982 967 1227 1034 absolvi
1266 989 1395 1032 non
1433 965 1746 1054 potuit1).
1790 966 2041 1031 Minore
2081 965 2342 1050 quidem
2372 963 2668 1030 molestia

294 1094 448 1160 opus
507 1076 744 1139 instrui
803 1079 1072 1159 poterat,
1140 1077 1197 1138 si
1256 1077 1436 1160 prius
1496 1075 1822 1139 territoria
1884 1094 1998 1158 per
2040 1074 2356 1138 centurias
2404 1071 2511 1138 vel
2555 1093 2670 1158 per

290 1182 521 1266 strigas
585 1186 651 1245 et
710 1201 823 1265 per
883 1200 1139 1244 scamna
1186 1180 1424 1258 divisa,
1475 1179 1541 1244 id
1588 1184 1685 1244 est
1729 1182 1798 1243 in
1844 1179 2116 1268 quadras
2164 1184 2334 1243 secta
2379 1178 2665 1257 fuerant,

287 1289 375 1352 sic
440 1285 670 1350 deinde
739 1284 1091 1352 cultoribus
1161 1285 1511 1371 adsignata.
1585 1285 1769 1363 Quod
1839 1285 2081 1349 factum
2149 1304 2286 1349 esse
2305 1331 2320 1361 ,
2391 1289 2668 1349 testatur

289 1391 547 1477 quidem
598 1389 1010 1458 Cassiodorus
1059 1391 1229 1471 (Var.
1277 1391 1391 1456 ΠΙ.
1442 1391 1589 1472 52);
1642 1391 1923 1478 Aug-usti
1962 1391 2358 1474 temporibus
2408 1391 2669 1471 Orb(em)

287 1499 672 1579 Romanam)
723 1497 889 1577 ayris
934 1497 1249 1578 dividam)
1301 1502 1480 1578 esfise)
1533 1543 1862 1563 ........
1911 1503 1978 1560 ut
2011 1496 2309 1579 possessio
2355 1519 2468 1560 sua
2505 1497 2669 1560 nulli

288 1605 599 1667 haberetur
656 1603 888 1666 incerta
948 1625 1125 1687 quam
1170 1625 1290 1685 pro
1350 1603 1705 1666 tributorum
1761 1609 2101 1684 susceperat
2161 1602 2503 1686 quantitate
2559 1603 2673 1666 sol-

290 1712 477 1774 venda
492 1737 521 1785 ;
610 1710 720 1774 sed
803 1712 1104 1775 novimus
1172 1711 1238 1775 et
1303 1707 1673 1787 Frontin12)
1743 1709 2137 1793 temporibus
2207 1711 2271 1772 et
2339 1708 2594 1793 Hygini
2623 1705 2672 1789 3)

288 1837 519 1902 agrum
564 1817 986 1881 tributarium
1032 1836 1338 1902 magnam
1390 1819 1661 1900 partem·
1699 1815 1780 1878 ad
1839 1835 2208 1878 mensuram
2255 1813 2433 1878 nullo
2479 1812 2670 1878 modo

290 1922 619 1987 redactum
691 1922 888 1986 fuisse
906 1973 923 2004 ,
1005 1927 1117 1985 aut
1186 1923 1275 1986 sic
1342 1922 1672 1986 redactum
1692 1970 1708 1999 ,
1780 1926 1856 1984 ut
1901 1923 2208 1985 territorii
2270 1922 2675 1985 uniuscuius-

294 2048 412 2112 que
481 2029 858 2092 extremitas
926 2031 1183 2091 tantum
1254 2025 1704 2092 mensuraliter
1771 2025 2184 2112 obligaretur,
2255 2026 2424 2089 unde
2485 2024 2676 2110 longe

292 2139 383 2198 est
455 2133 573 2202 ad.
608 2132 1009 2198 divisionem.
1097 2132 1229 2199 Nec
1300 2133 1581 2198 dubitari
1650 2137 1896 2217 potest,
1967 2133 2123 2216 quin
2194 2129 2470 2196 formula
2539 2152 2676 2194 cen-

292 2238 520 2317 sualis,
578 2258 774 2323 quam
835 2239 1146 2304 habemus
1209 2238 1279 2319 (l.
1346 2237 1387 2302 4
1448 2238 1527 2302 D.
1582 2236 1688 2302 50.
1722 2236 1865 2319 15),
1928 2240 2245 2323 pertineat
2305 2237 2384 2301 ad
2445 2258 2672 2323 agros,

295 2349 402 2430 qui
453 2347 525 2409 in
572 2365 944 2410 mensuram
989 2367 1114 2410 non
1160 2347 1485 2410 venissent
1499 2365 1516 2422 3
1582 2344 1868 2429 alioquin
1915 2365 2030 2408 cur
2075 2364 2442 2408 mensuram
2493 2343 2674 2408 edere

290 2453 595 2518 iubentur
654 2448 1083 2537 possessores?
1160 2451 1359 2529 Quos,
1425 2450 1583 2515 dum
1654 2457 2013 2535 sequuntur
2075 2443 2427 2535 emptiones
2491 2469 2637 2514 suas
2658 2498 2672 2526 ‚

293 2580 405 2624 nec
448 2562 683 2644 putant
728 2579 864 2620 vere
897 2557 1184 2639 profiteri
1230 2561 1407 2636 esde)
1458 2556 1706 2640 difficile
1733 2555 1806 2636 4),
1854 2555 1996 2620 falli
2033 2562 2096 2620 et
2134 2558 2420 2642 graviter
2460 2554 2598 2619 falli
2621 2561 2676 2636 ⁵)

292 2685 403 2750 par
465 2668 563 2727 est
584 2711 600 2741 ,
663 2683 777 2728 neo
840 2661 1194 2727 audiendus
1242 2661 1615 2727 Beaudouin
1631 2709 1648 2740 ,
1700 2664 1813 2747 qui
1857 2667 2045 2749 putat
2093 2682 2206 2748 per
2253 2660 2676 2746 professiones

294 2768 745 2835 mensuraliter
804 2789 993 2856 agros
1054 2767 1327 2855 obligari
1350 2769 1429 2847 ⁰).
1492 2768 1726 2848 Quaeri
1770 2772 2017 2853 potest,
2065 2773 2289 2832 utrum
2336 2771 2554 2852 postea
2601 2767 2677 2830 ad

293 3026 413 3075 quas
455 3011 652 3070 dicunt,
697 3008 837 3061 lineis
882 3010 1097 3075 egerint,
1143 3010 1270 3073 quod
1303 3010 1528 3059 adfirmat
1562 3010 1619 3057 de
1651 3007 1900 3075 Aegyptiis
1933 3010 2187 3074 Sprenger‚
2219 3008 2308 3057 dae
2341 3007 2566 3057 Ausland
2597 3008 2681 3056 XL

295 3091 475 3156 (1867)
509 3109 556 3157 p.
594 3092 725 3141 1019
760 3092 1063 3156 refragante,
1098 3091 1176 3141 cui
1211 3092 1543 3142 testimonium
1579 3091 1906 3150 denuntiatur,
1947 3090 2196 3139 Herodoto
2225 3089 2281 3138 11
2310 3089 2398 3151 57,
2425 3090 2511 3151 §9-
2550 3089 2678 3139 Nam

292 3190 382 3241 pro
427 3174 623 3223 Graecis
669 3189 808 3224 nemo
853 3174 953 3224 iam
1000 3172 1244 3223 contendit
1279 3173 1362 3237 (cf.
1399 3172 1628 3232 Peschel,
1672 3169 1841 3221 Geso-k.
1876 3173 1962 3220 der
1993 3170 2147 3219 Erdk.
2184 3169 2365 3235 (1877)
2400 3186 2446 3235 p.
2483 3170 2678 3235 45-47),

293 3258 341 3305 ct
387 3254 674 3305 videbantur
718 3253 987 3320 plurimum
1034 3254 1353 3319 praestitisse,
1398 3253 1482 3317 qui
1514 3254 1716 3318 propter
1750 3252 1937 3301 viarum
1971 3252 2215 3301 anfractus
2247 3250 2679 3316 compensationem

292 3338 530 3401 quandam
564 3336 868 3386 admisissent
902 3335 984 3400 (cf.
1024 3335 1250 3394 Peschel,
1290 3350 1367 3399 op.
1401 3335 1484 3385 cit.
1518 3351 1564 3399 p.
1603 3336 1667 3384 53
1684 3335 1789 3397 sq.).

363 3420 414 3480 1)
462 3420 596 3468 Haec
642 3422 713 3467 est
748 3418 995 3467 verissima
1029 3416 1297 3467 observatio
1332 3416 1544 3466 Eduardi
1577 3416 1858 3466 Beaudouin
1894 3416 2068 3479 (Nouo.
2103 3416 2258 3465 Revue
2291 3414 2458 3464 histor.
2497 3414 2678 3463 XVIII

292 3502 476 3566 (1894)
509 3517 559 3566 p.
597 3502 694 3550 192
728 3502 830 3550 not.
870 3501 940 3565 1).

362 3584 414 3644 2)
446 3584 667 3632 Gromat.
702 3598 748 3647 p.
784 3584 817 3630 4
835 3598 933 3647 sq.=
972 3580 1278 3645 compluribus
1306 3580 1558 3645 provinciis
1590 3579 1900 3629 tributarium
1933 3580 2082 3628 solum
2105 3595 2197 3643 per
2228 3577 2584 3629 universitatem
2612 3577 2681 3640 (id

295 3668 390 3718 est:
427 3664 711 3724 indivisum)
740 3664 925 3728 populis
957 3668 1030 3713 est
1064 3663 1329 3729 definitum.

360 3749 415 3810 8)
459 3748 677 3795 Gromat.
724 3762 772 3811 p.
817 3746 1060 3795 204-2082
1111 3762 1278 3810 αρν-κη
1300 3743 1596 3811 ,ατ-α’]ἱπίιιηι
1638 3742 1913 3807 veetiqatem
1964 3742 2037 3804 (id
2084 3745 2182 3811 est:
2230 3741 2561 3803 tributarium)
2607 3742 2676 3790 ad

296 3844 558 3879 mensuram
594 3827 663 3877 sic
696 3827 906 3892 rediqero
936 3826 1148 3876 debemus
1187 3864 1198 3876 .
1221 3864 1231 3877 .
1252 3863 1263 3876 .
1288 3863 1299 3876 .
1336 3827 1507 3889 Itaque
1542 3825 1762 3874 redactus
1797 3826 2008 3874 nondum
2042 3826 2162 3873 erat.

362 3913 418 3971 4)
454 3910 553 3959 cio.
591 3908 733 3958 Vsrr.
767 3908 839 3958 ΙΙ.
878 3909 1009 3958 8.15
1044 3910 1165 3971 539.

369 3996 421 4058 ὅ)
468 3994 584 4041 Huc
628 3991 814 4051 refero,
858 3991 986 4055 quod
1031 3989 1212 4055 legitur
1244 3991 1371 4056 apud
1407 3991 1628 4040 Gromat.
1666 4006 1714 4053 p.
1748 3989 1814 4037 46
1849 3988 1934 4037 lin.
1974 3988 2066 4037 21:
2096 3988 2310 4053 yeminus
2344 3985 2397 4036 ἐπ
2426 3988 2682 4052 provinciis

295 4077 458 4126 modus
490 4075 550 4124 ab
582 4074 681 4123 alio
704 4074 991 4137 possidetur,
1024 4073 1082 4123 ab
1114 4073 1211 4122 alio
1243 4088 1303 4123 ne
1334 4072 1520 4136 quidem
1552 4072 1773 4134 simplex,
1812 4073 1865 4119 ut
1893 4069 2196 4134 intelligatur
2225 4070 2391 4119 modus
2420 4069 2478 4119 ab
2508 4070 2683 4121 horum

296 4162 408 4208 utro
444 4155 662 4207 censibus
692 4155 895 4205 delatus.

366 4240 419 4303 6)
468 4240 541 4289 Ut
585 4239 781 4287 credant
824 4237 1031 4302 posteri,
1072 4237 1230 4301 ipsum
1264 4236 1545 4286 exscribam:
1591 4236 1673 4284 ,Π
1704 4232 1880 4284 νέδαῑέθ
1915 4233 2206 4284 visiblement
2240 4234 2299 4283 de
2332 4249 2382 4283 ce
2417 4231 2581 4284 ιρι-Μ’
2624 4234 2677 4298 (l.

292 4324 325 4370 4
362 4322 469 4385 cit.)
520 4335 640 4384 ‚quo
684 4322 751 4369 los
783 4324 930 4369 torres
962 4320 1044 4367 des
1071 4318 1379 4382 provinciam·
1410 4315 1595 4367 §taient
1625 4312 1877 4374 mesure'es,
1907 4316 2104 4379 picisque
2137 4314 2375 4365 l'dtendue
2407 4317 2465 4366 de
2497 4316 2677 4379 chaque

288 4402 495 4467 parcella
544 4404 604 4451 do
655 4406 779 4451 terre
825 4386 953 4449 e'ta'it
1000 4398 1213 4449 ἅέσίανέσ
1252 4416 1345 4463 par
1390 4403 1457 4449 les
1496 4398 1836 4463 proprietaires
1879 4402 1929 4447 et
1975 4397 2171 4448 inserite
2203 4413 2287 4447 sur
2322 4400 2388 4447 les
2422 4395 2680 4463 uqi-stre?

294 4485 472 4549 (Nouo.
508 4498 645 4533 rme
676 4481 842 4531 histor.
878 4479 1051 4530 XVIII
1086 4481 1261 4545 (1894)
1296 4497 1341 4546 p.
1380 4480 1520 4547 196).
