3351 5463
674 373 807 438 368
1705 392 2028 437 xszArA.

670 557 835 622 lidae
882 577 987 623 eos
1036 557 1313 621 dimittit
1358 557 1444 627 εἰς
1480 556 1610 628 ’ἑνὸς
1650 563 1768 620 τῶν
1805 555 2111 622 διακόνων.
2161 555 2259 623 Ne
2297 557 2674 623 brevissimo
2711 549 3058 620 intervallo

668 663 846 727 idem
888 662 1279 729 vocabulum
1325 666 1641 740 recurrat,
1691 662 1964 730 libenter
2010 664 2432 748 expunxerim
2477 663 2658 747 prius
2703 685 2740 724 τ
2759 662 2804 724 ὦ
2821 685 2850 723 ν
2900 658 3058 724 δια-

673 793 708 833 κ
725 768 759 834 ὅ
773 795 801 833 ν
822 793 863 832 ω
884 793 947 845 ν,
997 788 1123 853 quo
1169 766 1355 833 facile
1400 768 1970 833 carebimus..

761 871 1051 940 XCVIII.
1120 872 1403 960 Magnus
1450 879 1708 938 coortus
1752 879 1994 940 ventus
2031 880 2163 952 est,
2211 809 2369 940 ibid.
2418 873 2492 938 V.
2541 873 2604 937 4.
2637 870 2719 938 17
2770 876 2844 937 et
2882 895 3058 947 παμ-

671 995 885 1046 πολλα
946 975 1115 1044 ὅπλα
1162 979 1657 1058 αΦαρπ-ασθέντα
1710 980 2100 1056 ἐξέπεσεν
2150 980 2237 1051 εἷς
2286 982 2394 1055 την
2445 977 2794 1043 θάλατταν.
2867 976 3054 1057 Quod

667 1090 735 1151 in
774 1084 1115 1153 Codicibus
1148 1085 1534 1170 quibusdam
1568 1087 1900 1151 invenitur
1940 1077 2304 1162 ἐξέπλευσε,
2339 1083 2708 1149 Dindorfius
2730 1085 3056 1168 rescripsit

670 1191 1024 1270 ἕξέπνευσες
1076 1191 1599 1256 Breitenbachius
1642 1193 1762 1257 hoc
1800 1195 2029 1259 merito
2071 1193 2300 1258 abiecit
2333 1193 2593 1274 iamque
2633 1191 2713 1255 de
2752 1193 3052 1274 corrupto

670 1296 975 1364 vocabulo
1024 1297 1415 1388 emendando
1464 1297 1954 1382 desperabamus
1972 1346 1990 1375 ‚
2041 1299 2237 1362 donec
2282 1297 2748 1362 Herwerdenus
2793 1295 3055 1361 tandem

665 1425 804 1468 rem
873 1424 991 1468 acu
1060 1406 1284 1489 tetigit
1337 1408 1403 1468 et
1465 1405 1773 1468 eximiam
1836 1403 2110 1488 protulit
2172 1405 2603 1468 coniecturam
2686 1402 2716 1464 ε’
2730 1400 2771 1478 ξ
2785 1399 2814 1464 ἐ
2833 1427 2876 1464 ω
2895 1425 2936 1472 c,
2955 1425 2983 1464 ε
3000 1423 3051 1463 ν.

670 1508 777 1574 Sic
819 1507 1149 1573 interdum
1195 1508 1489 1572 confusae
1534 1507 1760 1574 literae
1804 1509 2066 1574 fuerunt
2114 1518 2166 1573 Π
2217 1513 2284 1591 et
2333 1516 2402 1571 Ω
2421 1556 2440 1586 ,
2487 1509 2673 1602 cuius
2725 1508 2819 1572 rei
2865 1525 3056 1572 causa

669 1618 949 1699 apparet.
1012 1614 1245 1678 Editur
1290 1615 1369 1677 ⁴in
1420 1613 1637 1700 Longi
1701 1614 2134 1680 Pastoralibus
2195 1637 2257 1700 p.
2325 1613 2480 1679 322.
2507 1610 2582 1679 ¹7:
2646 1617 2752 1677 τοῦ
2814 1611 2868 1676 δ’
2919 1609 3058 1688 ὀμό-

668 1743 891 1790 σαντος
952 1720 1141 1795 μηδὲν
1202 1721 1525 1797 γεγονέναι
1591 1722 1956 1800 φιλήματος
2022 1721 2126 1786 καὶ
2191 1718 2372 1801 ὅρκων
2437 1717 2649 1796 πλέον,
2699 1716 2905 1793 ἡσθεὶς
2953 1715 3052 1781 ἐπὶ

614 1827 753 1905 ,τῷ
816 1825 1265 1905 συνωμοσίᾳ)
1314 1826 1671 1890 κατέκλινεν
1719 1827 1978 1904 αὐτούς,
2026 1827 2139 1892 ubi
2183 1847 2412 1894 verum
2459 1829 2557 1890 est
2602 1823 3052 1903 συμποσίῳ.

671 1931 903 1996 Etiam
951 1933 1132 2016 peius
1182 1935 1277 1995 est
1321 1937 1656 2017 peccatum
1705 1932 1873 2016 apud
1918 1931 2194 1996 Dionem
2242 1929 2539 1998 Cassium
2585 1927 2737 1992 LIX
2781 1927 2894 2006 28,
2943 1927 3054 1992 ubi

671 2037 759 2116 ὤρ
780 2061 809 2099 ν
833 2062 872 2099 α
898 2060 927 2108 ς
976 2035 1290 2121 appellat,
1338 2056 1497 2121 quas
1543 2043 1712 2101 certe
1758 2037 1853 2102 πό
1868 2060 1897 2116 ρ
1918 2062 1946 2101 ν
1967 2062 2008 2100 α
2029 2062 2058 2109 ς
2105 2036 2425 2123 appellare
2472 2036 2709 2102 debuit.
2760 2033 3052 2099 Indidem

667 2142 1086 2228 repetendum
1133 2143 1305 2226 quod
1351 2145 1429 2214 ὡς
1478 2147 1544 2206 et
1590 2149 1718 2214 πῶς
1765 2144 1954 2208 toties
2002 2143 2496 2209 confunduntur.

761 2246 995 2314 XCIX.
1067 2247 1227 2312 Ibid.
1291 2246 1365 2311 V.
1433 2246 1495 2312 4.
1525 2247 1647 2312 22:
1721 2248 1824 2312 καὶ
1898 2252 2108 2312 ταῦτα
2170 2249 2372 2330 [παρὰ
2437 2249 2522 2327 τῷ
2588 2244 2913 2328 προξένῳ],
2985 2239 3052 2308 οὗ

673 2353 893 2433 τάχις·’
944 2353 1019 2418 ἂν
1067 2353 1409 2433 εὑρέθησαν.
1458 2352 1651 2418 Vides
1695 2374 1858 2438 quae
1905 2355 2094 2419 verba
2137 2355 2416 2419 insiticia
2461 2373 2594 2419 esse
2637 2351 2940 2416 iudicem.

764 2457 835 2526 G.
909 2458 1068 2523 Ibid.
1119 2458 1226 2523 VI.
1280 2459 1338 2523 l.
1368 2458 1406 2522 5
1467 2461 1534 2523 in
1597 2459 2086 2546 Pulydamantis
2149 2461 2436 2525 oratione
2482 2459 2888 2523 Hartmanno
2933 2457 3052 2520 dis-

671 2565 911 2651 plicent
970 2565 1196 2629 verba:
1264 2565 1430 2640 ὑμῶν
1491 2565 1602 2629 σὺν
1662 2566 1889 2637 αὐταῖς
1953 2567 2037 2630 τὰ
2097 2565 2344 2629 ἐναντία
2393 2565 2524 2640 ἐμοὶ
2571 2560 3054 2644 epa-revoni-

670 2694 759 2733 νω
780 2696 843 2749 ν,
891 2691 1045 2737 nam
1091 2671 1504 2737 vehementer
1552 2671 1802 2737 dubitat
1843 2693 2006 2739 num
2047 2673 2206 2737 bene
2253 2670 2501 2737 dictum
2542 2673 2631 2735 ‚sit
2676 2669 2762 2736 τὰ
2800 2665 3051 2734 ἐναντία

669 2777 1091 2857 wammam.
1137 2778 1455 2862 Equidem
1502 2777 1648 2843 coll.
1697 2779 1922 2843 Mnem.
1979 2776 2152 2843 1893
2198 2801 2262 2864 p.
2301 2778 2384 2843 21
2433 2778 2707 2842 libenter
2749 2794 3050 2861 reponam

597 2920 605 2927 -
670 2882 1503 2961 πραγματευομένων.
1547 2884 2014 2950 Herwerdenus
2037 2884 2378 2971 vulgatam
2401 2886 2786 2969 scripturam
2810 2886 3046 2947 tuetur.

760 2987 862 3055 CI.
934 2987 1093 3053 Ibid.
1146 2987 1251 3053 VI.
1307 2988 1364 3053 1.
1394 2988 1469 3053 63
1537 2992 1787 3066 ἡγεῖται
1852 2991 1980 3069 γὰρ
2037 2991 2176 3055 σὺν
2224 2998 2353 3061 τοῖς
2397 2986 2606 3060 ὅπλοις
2655 2988 2762 3053 καὶ
2811 2988 2873 3051 ἐν
2921 2994 3044 3061 τοῖς

668 3093 1035 3172 γυμνασίοις
1098 3095 1200 3158 καὶ
1264 3090 1413 3158 ὅταν
1476 3118 1575 3159 ποι
1636 3098 2035 3174 ςρατεύηται.
2085 3096 2508 3162 Schneiderus
2553 3096 2751 3161 verba
2798 3097 3046 3171 ἡγεῖται

667 3200 817 3280 γδιρ
858 3200 966 3265 συν
1026 3206 1156 3271 τοῖς
1220 3194 1430 3272 ὅπλοις
1494 3200 1858 3267 collocanda
1918 3206 2112 3335 putat
2172 3206 2319 3287 post
2377 3200 2522 3266 illa:
2593 3202 2696 3265 καὶ
2748 3197 2898 3264 ὅταν
2947 3222 3046 3266 ποι

669 3308 1066 3385 ςρατεύηται.
1134 3306 1480 3392 „Ineptum
1541 3310 1716 3372 enim
1779 3310 1932 3386 est,'
1939 3310 2266 3393 'inquit‚
2332 3308 2502 3386 „dici
2561 3307 2853 3388 Iasonem
2899 3326 3049 3372 cum

667 3416 861 3478 armis
903 3414 971 3477 in
1009 3415 1371 3499 gymnasiis
1407 3416 1653 3499 praeire
1692 3416 1826 3478 suis
1862 3415 2080 3498 ibique
2119 3435 2341 3479 eorum
2371 3416 2686 3479 virtutem
2709 3412 3048 3497 experiri.’'

670 3518 796 3585 Sed
840 3519 962 3584 hoc
1008 3519 1272 3603 quidem
1308 3518 1730 3585 Schneiderus
1767 3522 2014 3585 nemini
2055 3522 2407 3606 persuasit,
2450 3539 2843 3604 quamquam
2884 3522 3051 3583 recte

666 3626 834 3690 vidit
894 3645 1021 3689 non
1080 3627 1335 3710 integra
1398 3626 1593 3690 verba
1638 3648 1793 3691 csse.
1857 3626 2030 3691 Satis
2073 3626 2340 3691 fortasse
2388 3628 2510 3690 erit
2555 3628 2908 3711 corrigere:
2973 3626 3046 3689 ἐν

665 3738 791 3801 τοῖς
855 3724 1061 3801 ὅπλοις
1081 3779 1098 3808 ,
1160 3734 1207 3795 i.
1236 3752 1290 3795 e.
1351 3734 1490 3816 ipse
1538 3738 1824 3798 amatus
1870 3732 2055 3797 Iason
2100 3732 2318 3797 aderat
2362 3731 2682 3796 militibus
2724 3731 3052 3795 decurren-

669 3837 840 3901 tibus
858 3884 874 3915 ‚
940 3835 1345 3923 „personally
1408 3838 1674 3923 sharing
1733 3839 1888 3902 both
1945 3840 2014 3901 in
2060 3839 2171 3902 the
2220 3836 2374 3901 drill
2421 3836 2544 3901 and
2588 3839 2657 3900 in
2701 3837 2812 3901 the
2861 3830 3054 3922 gym-

666 3945 903 4007 nastics
948 3942 1021 4007 of
1056 3941 1168 4006 the
1214 3940 1481 4007 soldier-s
1497 3942 1561 4020 ,''
1610 3947 1687 4007 ut
1723 3943 1942 4008 scribit
1981 3940 2243 4008 Grotus.
2285 3941 2601 4007 Similiter
2635 3940 3048 4006 Mithridates

669 4049 729 4111 ἑν
798 4057 873 4128 τῇ
937 4045 1157 4128 ε’πόψει
1220 4056 1297 4129 τῇ
1358 4054 1475 4113 τῶν
1536 4048 1852 4123 Ῥωμαίων
1919 4048 2110 4120 αὐτός
2173 4072 2242 4111 τε
2289 4046 2460 4122 ἤσκει
2509 4047 2618 4112 καὶ
2661 4052 2769 4112 τοῦ
2815 4049 3044 4125 ςρατοῦ

669 4153 1027 4230 γυμνασίας
1077 4154 1369 4231 ἐποιεῖτο,
1418 4152 1603 4221 Βιοιι.
1654 4152 1828 4220 Casa.
1878 4152 2178 4217 XXXVI.
2231 4152 2337 4219 12.
2365 4152 2428 4217 2.

758 4256 891 4325 ΟΠ.
963 4258 1124 4325 Ibid.
1172 4253 1281 4323 VI.
1334 4258 1393 4322 1.
1424 4257 1543 4323 13:
1609 4258 1804 4340 ε’φῆκέ
1869 4282 1968 4335 μοι
2033 4260 2351 4324 ἐλθόντι
2415 4258 2562 4338 πρὸς
2624 4259 2788 4336 ὑμᾶς
2835 4257 3043 4335 λέγειν

667 4364 937 4442 τάληθῆ,
989 4364 1149 4429 οΙιιιι
1192 4367 1429 4430 rectius
1474 4366 1779 4432 edebatur
1825 4363 2181 4429 ἐλθόντα.

760 4468 923 4537 OIII.
994 4469 1154 4537 Ibid.
1204 4470 1309 4535 VI.
1359 4470 1420 4537 2.
1452 4469 1490 4537 '7
1551 4471 1900 4557 Iphicrates
1961 4468 2654 4551 κατετρατοπεδεύσατο
2714 4466 2814 4532 ἐπὶ
2865 4468 3038 4552 λόφῳ
