3351 5463
1343 418 1735 467 ansoni-nus.
2603 398 2730 468 147

800 585 901 655 τίς
950 582 1025 649 ἂν
1073 582 1265 661 γονὰν
1312 585 1521 664 ἀραῖον
1571 581 1832 658 ἐκβάλοι
1882 584 2112 665 Mamm

801 689 1178 764 κεκόλληται
1230 688 1400 767 γένος
1454 689 1595 771 πρὸς
1645 687 1796 773 ἄτᾳ.

352 796 556 874 Φέρειν
622 800 722 861 est
786 796 953 862 ferre
971 843 989 874 ,
1054 796 1437 881 producere,
1501 800 1610 860 ut:
1672 803 1843 861 terra
1903 796 2027 861 fert
2077 798 2328 883 frug-ee,
2378 797 2566 862 arbor
2610 797 2736 860 fert

346 903 615 966 fructus.
680 902 771 966 Ut
832 908 1005 967 aetas
1069 902 1225 967 tulit
1270 924 1386 968 nos
1434 906 1770 987 nequiores
1789 952 1804 981 ,
1853 924 2005 968 mox
2051 904 2309 969 daturos
2356 905 2733 989 progeniem

346 1010 789 1086 vitiosiorem,
840 1011 945 1074 sic
1008 1010 1200 1082 ὀνείδη
1250 1010 1419 1089 φέρει
1471 1009 1659 1081 ὀνείδη
1712 1011 2015 1088 φέροντα,
2064 1014 2106 1074 i.
2135 1032 2188 1077 e.
2240 1010 2472 1095 probra
2518 1009 2733 1073 ferunt

348 1116 613 1200 probra,
677 1135 839 1198 quae
903 1136 1057 1179 mox
1113 1136 1280 1181 nova
1325 1116 1555 1201 probra
1601 1114 1930 1201 prolatura
1975 1122 2159 1194 sunt,
2209 1137 2370 1201 quae
2415 1136 2530 1180 suo
2577 1120 2736 1179 tem-

346 1242 497 1305 pore
560 1222 721 1285 item
788 1220 1223 1305 pullulabunt.
1290 1220 1536 1286 Revera
1598 1222 1766 1286 illud
1827 1224 1995 1302 φέρει
2061 1224 2326 1301 φέροντα
2398 1225 2587 1307 poeta
2651 1223 2733 1285 iis

346 1348 507 1411 quae
571 1326 742 1391 dicta
804 1333 1018 1405 erant,
1089 1327 1317 1393 addere
1383 1329 1624 1393 debuit.
1687 1328 1856 1394 Tum
1917 1332 2205 1415 graviter
2251 1330 2578 1414 adiungit:
2623 1327 2733 1391 sed

346 1434 587 1496 occisor
632 1452 865 1516 poenas
910 1432 1086 1510 luet,
1138 1455 1288 1498 nam
1339 1454 1413 1497 ea
1460 1439 1557 1498 est
1604 1441 1857 1499 aeterna
1901 1434 2006 1499 lex
2049 1434 2237 1500 Iovis.
2286 1434 2598 1519 Epilogus
2639 1438 2735 1497 est

343 1536 762 1613 exclamati03
831 1538 975 1621 quis
1038 1539 1301 1604 tandem
1366 1540 1530 1603 hanc
1579 1543 1810 1604 seriem
1857 1540 2178 1605 malorum
2227 1561 2477 1624 semper
2521 1537 2735 1623 pullu-

338 1642 623 1716 lantium
662 1646 1005 1727 reprimet,
1050 1644 1241 1709 finem
1290 1648 1350 1709 ei
1395 1644 1730 1730 imponet?
1778 1653 1990 1711 totum
2037 1668 2242 1734 genus
2291 1646 2520 1710 damno
2567 1644 2737 1709 dedi-

341 1754 489 1818 tum
538 1755 656 1815 est.
710 1786 795 1796 —-
845 1750 946 1814 Ad
994 1751 1149 1815 haec
1198 1748 1751 1837 Clytaemnestra:
1801 1774 2029 1817 verum
2080 1760 2178 1818 est
2225 1753 2396 1837 quod
2445 1752 2522 1815 de
2557 1771 2734 1836 prae—

288 1934 295 1941 ,
342 1858 535 1920 terito
602 1859 925 1940 tempore,
992 1877 1193 1941 usque
1258 1858 1336 1922 ad
1390 1859 1620 1935 huius,
1671 1861 1715 1924 i.
1765 1879 1817 1939 e.
1871 1860 2408 1944 Agamemnonis,
2457 1862 2733 1922 mortem

340 1961 759 2047 praedicasti,
826 1962 1056 2026 abhinc
1118 1969 1336 2028 autem
1402 1985 1523 2049 ego
1586 1966 1762 2029 omni
1825 1985 2014 2049 opera
2061 1964 2366 2029 daemona
2412 1963 2730 2029 vindicem

336 2067 593 2153 placare
638 2068 953 2132 conabor..

438 2173 697 2251 Restat,
763 2178 839 2238 ut
899 2194 1289 2252 memorem,
1350 2175 1673 2241 Keckium
1737 2176 1814 2241 de
1873 2178 1996 2241 hoc
2058 2176 2196 2240 loco
2245 2178 2478 2240 eximie
2527 2177 2733 2260 egisse

348 2300 552 2366 pagg.
604 2277 734 2344 45¹7
788 2285 852 2343 et
899 2278 1031 2343 458
1095 2280 1392 2345 editionis
1454 2303 1638 2355 suae,
1704 2303 1863 2367 quae
1913 2282 2296 2367 disputatio,
2347 2302 2541 2365 quam
2588 2288 2734 2345 ante

340 2385 593 2470 aliquot
640 2406 836 2450 annos
884 2386 1079 2470 probe
1126 2406 1430 2451 noveram
1452 2435 1467 2464 ,
1518 2386 1704 2471 plane
1751 2409 1855 2452 me
1901 2389 2106 2472 fugit,
2157 2408 2357 2471 quum
2400 2408 2472 2461 ea
2511 2388 2736 2471 scripsi

338 2513 510 2578 quae
556 2491 960 2577 praecedunt.
1011 2492 1209 2557 Nolui
1256 2498 1474 2558 tamen
1521 2494 1707 2558 hasce
1755 2516 1930 2558 meas
1971 2495 2473 2569 observationes,
2517 2512 2736 2576 quam-

336 2618 541 2683 quam
589 2600 842 2682 saepius
887 2596 1123 2662 iisdem
1165 2599 1293 2663 fere
1341 2602 1778 2685 argumentis,
1828 2600 1936 2664 sed
1983 2599 2106 2664 alio
2153 2600 2340 2663 modo
2385 2599 2696 2682 expressis
2717 2644 2732 2673 ,
2800 2676 2824 2696 .

336 2724 505 2770 usus
548 2682 677 2782 fui',
730 2706 1063 2783 omittere,
1116 2726 1316 2790 quum
1365 2708 1694 2791 repetitio,
1746 2711 1888 2790 post
1933 2708 2202 2792 triginta
2247 2711 2312 2770 et
2359 2704 2526 2788 quod
2565 2723 2740 2768 exce-

339 2811 445 2875 dit
510 2831 735 2894 annOS,
804 2814 977 2877 viros
1042 2811 1256 2876 doctos
1323 2813 1589 2877 fortasse
1636 2815 1902 2878 incitare
1948 2814 2178 2896 possit,
2227 2816 2302 2875 ut
2349 2811 2554 2875 denuo
2599 2830 2738 2873 rem

338 2917 750 2982 considerent
771 2964 790 2994 ‚
836 2917 1099 2982 meliore
1142 2918 1385 2983 iudicio
1434 2921 1555 2982 usi.

442 3130 674 3214 Agam.
727 3125 924 3192 1612.

804 3231 1081 3311 Αἴγισθ’,
1135 3234 1399 3314 ὑβρίζειν
1447 3236 1505 3297 ἐν
1557 3243 1831 3300 κακοῖσιν
1880 3237 1943 3300 οὗ
1992 3236 2177 3312 σέβω.

346 3340 567 3404 Locus
628 3337 982 3403 admodum
1048 3339 1301 3404 dubius.
1358 3339 1525 3419 Quid
1576 3342 1635 3404 ἕν
1684 3350 1956 3405 κακοῖσιν
1987 3317 2350 3426 ⁶significet,
2401 3345 2624 3403 utrum
2669 3341 2738 3402 in

348 3442 833 3508 calamitatibus
882 3443 989 3509 vel
1034 3447 1104 3507 in
1152 3445 1519 3510 hominibus
1565 3449 1882 3530 perversis
1900 3494 1915 3523 ,
1965 3467 2085 3509 non
2135 3444 2317 3509 facile
2359 3446 2502 3528 quis
2539 3447 2738 3506 eruet.

346 3551 598 3614 Person
660 3551 929 3614 coniecit
984 3551 1043 3613 ἐν
1096 3554 1416 3628 καμοῦσιν,
1466 3549 1757 3616 Abresch
1807 3553 1862 3614 ἐν
1914 3553 2204 3626 θανοῦσιν,
2254 3550 2363 3614 sed
2409 3549 2742 3613 Hermann

342 3660 525 3720 recte
590 3656 1045 3719 animadvertit
1111 3656 1508 3741 „Aegisthus
1555 3678 1682 3721 non
1727 3656 2068 3721 insultavit
2115 3660 2368 3720 mortuo
2388 3703 2404 3730 ,
2441 3639 2560 3718 'sed
2605 3655 2744 3717 vin·

350 3761 599 3825 dictam
671 3781 738 3824 se
812 3761 1091 3825 ostendit
1150 3782 1277 3825 non
1337 3763 1646 3825 iniustam
1708 3762 2120 3845 sumpsisse.''
2189 3797 2274 3808 --
2335 3758 2406 3824 Si
2452 3764 2742 3824 accurate

350 3865 589 3930 Latine
637 3865 897 3930 reddere
948 3868 1078 3943 vis,
1129 3865 1361 3931 collato
1409 3867 1635 3933 Aesch.
1686 3867 1862 3932 Pers.
1905 3865 2034 3932 694
2082 3867 2352 3942 σέβομαι
2393 3865 2504 3941 μὲν
2545 3887 2734 3942 προσι-

347 3971 601 4047 δέσθαι,
668 3972 940 4062 σέβομαι
992 3970 1043 4034 δ’
1093 3971 1277 4035 α’ντία
1331 3972 1547 4050 λέξαι,
1599 3973 1982 4039 vertendum
2030 3975 2183 4036 erit:
2237 3993 2404 4049 „non
2449 3991 2744 4035 revereor

344 4083 435 4158 (e.
480 4097 605 4140 non
656 4076 856 4160 pudet
905 4081 1036 4154 me)
1100 4076 1486 4142 insolentem
1553 4085 1628 4158 (s.
1702 4085 2105 4164 protervum)
2161 4098 2294 4142 esse
2356 4079 2425 4140 in
2484 4074 2739 4141 malis.''

346 4181 473 4250 Sin
524 4187 741 4247 autem
788 4182 942 4246 haec
991 4183 1184 4247 verba
1230 4183 1594 4269 significant
1642 4207 1810 4263 „non
1873 4206 2139 4250 veneror
2198 4183 2443 4248 facinus
2504 4188 2744 4267 proter-

342 4309 521 4355 vum
567 4289 637 4350 in
684 4286 951 4364 malis,''
999 4287 1106 4353 vel
1156 4288 1607 4364 „insolentiam
1658 4293 1853 4355 etiam
1899 4294 1967 4354 in
2012 4285 2442 4376 ignavis'non
2479 4286 2741 4372 prob0,'’

346 4395 621 4462 omnino
685 4393 1027 4459 dicendum
1081 4392 1291 4458 fuerat
1337 4397 1404 4458 οὐ
1454 4397 1617 4473 σέβω
1669 4398 1736 4460 τὸ
1788 4396 2070 4475 ὑβρίζειν,
2118 4401 2196 4459 ut
2240 4394 2462 4459 Aesch.
2514 4391 2740 4477 Suppl.

342 4498 537 4567 1013
601 4499 671 4564 τὸ
735 4504 1061 4579 σωφρονεῖν
1122 4505 1369 4575 τιμῶσα
1432 4507 1537 4565 τοῦ
1600 4502 1742 4579 βιόυ
1803 4501 2009 4571 πλέον.
2076 4500 2344 4586 Insuper
2386 4497 2740 4564 notandum
