3351 5463
696 382 828 448 310
1634 397 2136 446 Ams'rornms.

785 564 888 630 Vs.
944 561 1139 629 1547.
1186 563 1401 627 Prom.
1454 569 1611 637 μισῶ
1663 563 1715 627 δ’
1762 559 2060 632 ἅπαντας
2107 561 2248 632 τοὺς
2298 561 2499 639 θεούς,
2549 565 2625 632 ὥς
2674 559 2908 628 οἶσθα
2956 566 3068 630 σύ.

692 669 1035 734 Offensioni
1080 672 1178 733 est
1222 667 1517 733 additum
1563 670 1700 732 sine
1746 670 1818 732 vi
1854 687 2204 752 pronomen
2215 715 2237 744 .,
2279 666 2450 751 quod
2487 672 2656 734 recte
2695 669 2891 734 habet
2929 690 2993 735 v.
3019 691 3073 734 c.

693 773 881 859 Vesp.
928 773 1077 840 193.
1126 773 1415 838 Fortasse
1460 773 1587 837 fuit
1632 773 1709 843 ὥς
1751 769 1897 836 οἷσθ’
1937 771 2078 844 ἴσως
2121 777 2236 837 aut
2275 773 2351 844 ὦς
2390 767 2567 847 οἶσθά
2610 797 2748 838 που.
2797 773 3074 860 Respon-

696 879 806 945 det
849 877 1289 945 Philetaerus:

1148 987 1216 1059 νη
1264 984 1367 1048 τὸν
1416 985 1518 1049 Δί’
1565 984 1663 1047 ἀεὶ
1713 982 1872 1057 δῆτα
1921 984 2305 1059 θεομισὴς
2355 981 2547 1064 ἔφυς,

1149 1089 1364 1167 Τίμων
1412 1089 1696 1169 καθαρός.

693 1196 859 1262 Noto
921 1217 1045 1261 usu
1106 1196 1384 1271 θεομισής
1450 1193 1776 1281 significat
1839 1193 1935 1256 dis
1995 1192 2259 1270 ιὀιυέειισ,
2309 1192 2581 1268 μισ-ἄθεος
2634 1196 2876 1259 deorum
2923 1217 3074 1261 osor.

696 1299 837 1366 Ioeo
897 1299 1336 1367 Philetaerum
1396 1299 1564 1365 illud
1624 1321 1739 1384 pro
1799 1299 1920 1362 hoc
1983 1297 2188 1363 dicere
2207 1347 2224 1376 ,
2289 1299 2553 1365 fortasse
2613 1301 2784 1366 credi
2827 1307 3075 1388 posset,

696 1408 823 1470 nisi
860 1413 1272 1492 sequerentur
1306 1405 1501 1472 verba
1538 1405 1753 1480 Τίμων
1796 1401 2079 1482 καθαρός.
2130 1403 2317 1469 Nunc
2357 1410 2608 1471 certum
2646 1427 2782 1472 esse
2808 1408 3080 1473 arbitror

700 1517 960 1598 poetam
1007 1511 1249 1576 dedisse
1298 1510 1694 1589 μισόθεος.
3123 1503 3138 1519 “

786 1851 1014 1917 Finem
1050 1851 1201 1917 huie
1238 1851 1732 1938 scriptiunculae
1768 1854 2098 1937 imponam
2137 1853 2438 1918 tentando
2479 1875 2608 1919 uno
2645 1853 2854 1920 adhue
2894 1855 3075 1920 Pacis

702 1958 841 2024 loco
890 1979 1081 2044 supra
1127 1979 1164 2023 a
1208 1980 1314 2024 me
1359 1957 1650 2046 neglecto
1668 2005 1687 2036 ‚
1739 1959 1851 2042 qui
1895 1957 2138 2044 legitur
2181 1979 2278 2025 vs.
2329 1957 2414 2026 16
2437 1980 2572 2044 sqq.

884 2063 1060 2130 Serv.
1114 2063 1177 2130 Π
1767 2063 1884 2127 Μὰ
1932 2064 2034 2127 τὸν
2083 2065 2373 2129 Ἀπόλλω
2424 2065 2546 2143 ἐγὼ
2593 2066 2707 2144 μὲν
2754 2065 2855 2131 οὔ·
2975 2079 2980 2083 ’

1069 2171 1133 2234 οὐ
1182 2169 1307 2248 γὰρ
1358 2165 1438 2232 ἔθ’
1478 2163 1599 2240 οἷός
1648 2170 1706 2230 τ’
1739 2166 1882 2246 ,εἴμ’
1932 2169 2253 2248 ὑπερέχειν
2302 2178 2414 2246 τῆς
2458 2170 2703 2236 α’ντλί
2717 2197 2760 2236 α
2781 2195 2832 2244 ς.

1065 2276 1257 2347 αὐτὴν
1303 2272 1397 2352 ἄρ’
1448 2272 1587 2338 οἴσω
1634 2275 1973 2351 συλλαβὼν
2021 2274 2131 2349 την
2180 2276 2432 2339 ὥντλί
2446 2301 2486 2340 οι
2506 2301 2557 2340 ν.

707 2379 1061 2445 Scholiasta
1131 2379 1485 2460 ὑπερέχεινε
1558 2379 1697 2444 ἀντὶ
1761 2383 1869 2443 τοῦ
1933 2379 2221 2458 ἀντέχειν
2285 2379 2388 2444 καὶ
2455 2381 2872 2459 περιγίνεσθαι
2944 2388 3083 2455 τῆς

706 2485 982 2561 ὀσμῆς.
1046 2486 1171 2550 ἀπὸ
1218 2488 1593 2563 μεταφοραῖς
1640 2492 1756 2551 τῶν
1803 2485 2029 2550 πλοίων
2077 2481 2237 2565 ἅπερ
2289 2486 2609 2552 κινδυνεύει
2658 2493 2770 2560 ’τῆς
2817 2486 3079 2558 ἀντλίας

709 2591 1143 2670 πληρωθείσης.
1206 2592 1508 2668 βούλεται
1574 2589 1639 2654 δὲ
1702 2591 1897 2654 εἰπεῖν
1946 2587 2038 2654 ὅτι
2087 2596 2346 2667 νικῶμαι
2394 2590 2649 2668 μάττων
2696 2597 2761 2656 et
2804 2612 2959 2656 mox
3002 2590 3080 2655 ad

704 2717 801 2762 vs·
870 2694 953 2762 18
1016 2697 1153 2762 ἀντὶ
1224 2702 1328 2763 τοῦ
1394 2698 1533 2772 τὴν
1597 2695 1944 2778 σκάφην.
2007 2699 2219 2763 ταῦτα
2280 2697 2346 2763 δὲ
2406 2697 2584 2763 εἰπὼν
2634 2696 2961 2777 προσφέρει
3010 2696 3076 2761 τὸ

707 2805 971 2880 ἀγγεῖον
1022 2802 1162 2865 ἔνθα
1211 2802 1429 2881 ε’Φύρα.
1481 2831 1486 2837 ·

706 2996 711 2999 -
797 2907 889 2971 Ut
946 2909 1017 2971 in
1062 2909 1411 2991 posteriore
1457 2928 1649 2973 versu
1695 2911 1941 2973 stercus
1986 2927 2151 2991 aqua
2196 2910 2478 2973 mixtum
2529 2912 2790 2993 propter
2841 2912 3083 2974 tetrum

702 3011 960 3091 odqrem
1026 3011 1321 3075 sentinam,
1390 3014 1603 3076 vocari
1670 3034 1858 3077 nemo
1931 3014 2291 3090 mirabitur,
2366 3015 2461 3078 ita
2522 3012 2797 3099 perdura
2857 3019 2958 3079 est
3015 3016 3082 3079 in

705 3120 914 3203 priore
961 3117 1249 3181 eiusdem
1288 3116 1585 3184 vocabuli
1622 3117 1961 3203 explicatio
1980 3167 1996 3196 ,
2043 3138 2171 3203 qua
2214 3120 2352 3205 ipse
2397 3118 2550 3182 odor
2593 3117 2832 3181 sentina
2878 3119 3084 3184 dictus

578 3234 586 3241 '
706 3244 841 3288 esse
909 3222 1210 3300 ereditur,
1274 3228 1351 3287 ut
1412 3225 1713 3288 omittam
1769 3244 1997 3309 parum
2058 3221 2423 3309 elegantem
2484 3244 2620 3289 esse
2681 3222 3083 3289 simillimam

707 3329 983 3394 duorum
1027 3349 1333 3395 versuum
1379 3331 1834 3415 contiguorum
1879 3331 2416 3395 terminationem.
2481 3328 2876 3414 Quapropter
2926 3328 3089 3397 mul-

707 3441 852 3501 tum
889 3457 1115 3503 vereor
1151 3456 1232 3501 ne
1270 3443 1661 3501 ANTAIAC
1698 3436 1862 3500 vitio
1898 3440 2125 3499 natum
2163 3437 2251 3499 sit
2287 3456 2322 3499 e
2345 3436 2635 3519 sequenti
2659 3442 3079 3512 ANTAIAN‚

707 3545 772 3605 et
820 3542 1100 3625 genuina
1142 3539 1332 3605 lectio
1378 3540 1574 3605 fuerit
1620 3548 2003 3605 NATTIAC
2023 3588 2039 3616 ,
2089 3539 2458 3624 dederitque
2503 3545 2724 3624 poeta:

1069 3646 1137 3708 οὐ
1183 3646 1308 3722 γὰρ
1356 3642 1435 3708 ἔθ’
1482 3642 1599 3715 οἵος
1645 3646 1705 3709 τ’
1751 3642 1876 3722 εἴμ’
1927 3644 2244 3724 ὑπερέχειν
2289 3651 2402 3717 τῆς
2450 3645 2818 3717 ναυτίας.

708 3772 828 3813 non
874 3748 1030 3812 enim
1075 3748 1335 3830 amphus
1368 3771 1614 3831 possum
1652 3772 1932 3813 nauseam
1967 3772 2250 3833 superare
2290 3756 2348 3812 et
2375 3751 2636 3832 perpeti.
2683 3748 2783 3815 Ita
2821 3749 3084 3815 demum

706 3855 1103 3937 pronominis
1151 3854 1343 3928 αὐτὴν
1390 3856 1645 3941 propria
1691 3856 1792 3919 vis
1828 3855 2038 3921 elucet
2075 3859 2139 3919 et
2178 3853 2362 3919 faoile
2402 3858 2688 3939 apparet,
2731 3857 2843 3938 qui
2879 3875 3084 3919 unum

706 3955 1095 4022 vocabulum
1158 3960 1462 4042 (proprie)
1508 3961 1844 4023 nauticum
1890 3957 2168 4023 alterum
2211 3961 2281 4023 in
2329 3965 2552 4044 poetae
2598 3964 2812 4023 mente
2859 3962 3086 4024 exeita-

707 4064 893 4126 verit.
936 4061 1428 4128 substantivum
1468 4063 1728 4147 quidem
1767 4064 2108 4144 antiquum
2147 4065 2370 4127 ναυτία
2411 4064 2600 4128 hodie
2639 4063 2808 4148 apud
2848 4065 3084 4129 Aristo-

707 4166 984 4250 phanem
1029 4187 1156 4231 non
1204 4171 1413 4245 extat,
1465 4168 1575 4233 sed
1618 4168 1811 4233 verbo
1859 4172 2114 4232 ναυτιᾶν
2158 4188 2315 4233 usus
2363 4173 2461 4234 est
2507 4168 2766 4235 Thesm.
2814 4168 2970 4234 882.
3033 4190 3038 4193 ·
