3351 5463
1142 425 1227 473 nn
1270 426 1421 473 man
1467 425 1753 474 sommo,
2500 407 2632 473 241.

266 593 384 657 fere
425 593 846 678 possessiones
893 590 1341 657 mensuraliter
1386 591 1703 678 obligatae
1743 596 1893 658 sunt
1930 595 1999 657 in
2038 613 2299 657 censum
2316 640 2333 671 ,
2375 597 2440 656 et
2477 590 2639 658 solet

265 700 471 783 quaeri
506 699 673 762 sitne
712 696 848 762 ulla
887 700 955 761 in
991 697 1107 763 lite
1141 698 1411 762 dominii
1434 697 1792 763 formarum
1816 700 2184 764 auctoritas.
2229 697 2638 784 Respondent

262 807 456 890 igitur
500 805 639 869 eius
685 825 847 889 quae
895 804 1154 869 dabitur
1199 803 1608 889 praediorum
1648 804 1831 870 libris
1872 826 1985 891 per
2023 804 2436 871 Germaniam
2473 803 2638 891 legis

261 915 607 997 rogatores,
673 931 815 975 eam
861 911 1055 975 fidem
1100 931 1231 975 esse
1280 931 1503 976 census
1552 913 1623 974 in
1670 910 1790 975 lite
1836 914 2275 997 proprietatis,
2327 931 2452 995 qua
2499 931 2640 975 con-

262 1018 453 1082 fectus
510 1017 813 1082 doceatur
842 1017 912 1100 ¹).
974 1016 1196 1082 Potest
1260 1037 1409 1082 sane
1456 1015 1620 1102 legis
1667 1016 1836 1082 lator
1880 1020 2191 1083 maiorem
2238 1018 2456 1081 censui
2497 1036 2639 1080 auc-

262 1126 579 1188 toritatem
649 1122 1124 1188 accommodare
1143 1170 1159 1200 ,
1249 1122 1418 1207 quod
1487 1121 1833 1187 consilium
1902 1129 2039 1188 erat
2108 1123 2314 1187 futuri
2384 1119 2637 1188 Codicis

261 1235 627 1314 rogatorum
652 1230 738 1308 2),
806 1228 914 1293 sed
977 1227 1242 1293 alterius
1304 1227 1486 1294 illius
1547 1227 1711 1317 legis
1773 1230 2207 1294 conditoribus
2269 1227 2633 1312 displicuit,

260 1337 397 1419 quia
440 1355 519 1398 ne
564 1333 735 1419 apud
784 1330 1138 1400 Germanos
1167 1333 1217 1414 3)
1256 1333 1517 1418 quidem
1564 1355 1636 1398 ea
1683 1334 1806 1398 fide
1847 1354 2070 1399 census
2109 1335 2500 1418 compositus
2539 1335 2636 1396 est

259 1438 354 1504 vel
398 1444 743 1504 renovatus
763 1487 779 1517 ,
843 1443 919 1502 ut
967 1444 1111 1503 tuto
1164 1459 1241 1504 ex
1287 1460 1359 1504 eo
1408 1439 1747 1509 diiudicari
1790 1442 1993 1524 possit
2036 1441 2176 1524 ipsa
2224 1439 2635 1523 proprietatis

257 1547 553 1630 quaestio.
620 1543 904 1610 Cavetur
964 1549 1183 1610 tamen
1249 1545 1418 1630 apud
1475 1545 1753 1609 Batavos
1802 1549 1867 1610 et
1911 1543 2420 1610 Transrhenanos
2445 1541 2497 1623 ⁴)
2553 1579 2627 1589 —

256 1672 371 1715 non
430 1653 633 1716 etiam
692 1650 864 1735 apud
925 1647 1149 1715 Gallos
1212 1655 1276 1714 et
1331 1649 1564 1736 Belgas
1618 1687 1702 1697 —
1752 1655 1829 1714 ut
1875 1651 1958 1714 iis
2004 1653 2172 1714 notis
2220 1650 2634 1731 numerisque

256 1758 318 1819 in
376 1754 635 1841 publica
698 1760 1115 1820 monumenta
1175 1755 1433 1841 praedia
1497 1759 1794 1834 veniant,
1860 1757 2092 1848 quibus
2155 1756 2325 1840 apud
2372 1773 2635 1818 censum

260 1861 785 1927 demonstrentur.
832 1860 1015 1926 Unde
1062 1863 1293 1948 ingens
1338 1864 1624 1932 nascitur
1668 1864 1944 1939 vitium3
1992 1860 2320 1925 inducitur
2356 1861 2529 1924 enim
2566 1861 2639 1921 in

259 1987 529 2032 errorem
608 1973 868 2052 propter
926 1970 1133 2052 ipsam
1193 1966 1410 2052 legem
1475 1966 1803 2051 publicam
1863 1969 2156 2052 privatus
2217 1970 2634 2050 comparator,

260 2072 403 2138 dum
467 2073 671 2137 credit
729 2073 799 2136 id
860 2072 929 2135 in
990 2093 1057 2137 se
1106 2073 1512 2150 transscribi,
1564 2074 1732 2157 quod
1781 2072 1950 2158 apud
1998 2093 2259 2137 censum
2305 2073 2477 2136 notis
2521 2090 2636 2133 nu-

259 2181 572 2264 merisque
642 2179 787 2242 istis
853 2178 1442 2263 comprehendatur.
1516 2177 1696 2258 Quod
1714 2225 1731 2255 ,
1803 2177 1955 2243 licet
2020 2177 2408 2242 iniuriosum
2426 2224 2444 2254 ,
2514 2176 2635 2240 hoc

259 2283 434 2347 modo
499 2281 789 2367 plerique
844 2281 1190 2348 defendunt
1214 2283 1287 2362 ⁵),
1351 2285 1533 2368 quasi
1579 2305 1699 2347 non
1746 2305 1972 2365 semper
2016 2282 2199 2347 fallat
2245 2282 2452 2346 forma
2500 2301 2636 2346 cen-

258 2388 444 2453 sualis
470 2389 546 2470 ⁶).
611 2389 878 2455 Addunt
936 2391 1135 2454 etiam
1153 2439 1170 2466 ,
1235 2393 1738 2475 comparatorem
1801 2389 1942 2454 ideo
1989 2389 2368 2474 plerumque
2412 2392 2635 2453 tutum

258 2494 381 2559 fore
399 2543 416 2572 ,
480 2498 633 2580 quia
694 2494 950 2560 difficile
1006 2499 1091 2560 sit
1138 2516 1362 2561 census
1409 2497 1739 2562 mendacia
1784 2515 2053 2581 arguere
2076 2501 2150 2575 ⁷),
2201 2494 2370 2580 quod
2416 2499 2633 2559 tamen

255 2600 339 2664 ita
398 2600 717 2686 procedit,
779 2603 835 2664 si
879 2602 1169 2685 probatio
1216 2601 1437 2666 formis
1456 2650 1472 2680 ,
1522 2622 1683 2687 quae
1731 2601 1902 2687 apud
1949 2621 2213 2666 censum
2259 2600 2632 2677 habeantur,

256 2705 545 2773 videatur
585 2708 813 2771 inesse.
863 2705 1087 2792 Itaque
1133 2706 1446 2773 tollendae
1483 2708 1848 2793 iniquitatis
1890 2727 2078 2772 causa
2115 2705 2634 2772 Transrhenanus

255 2813 438 2878 iudex
482 2816 577 2878 ita
622 2816 955 2878 consuevit
999 2817 1104 2879 ius
1150 2814 1385 2892 dicere,
1437 2817 1567 2879 acsi
1616 2812 1783 2901 legis
1828 2812 1996 2879 lator
2035 2815 2259 2878 formis
2299 2814 2636 2878 auctorita-

255 2920 380 2982 tem
427 2918 968 2984 accommodasset
992 2919 1067 3000 ⁸)‚
1118 2922 1229 3005 qui
1277 2920 1754 2986 demonstrandi
1798 2922 2012 3007 gratia
2035 2926 2108 3001 ⁹),
2159 2940 2284 3005 quo
2323 2918 2400 2983 de
2437 2916 2634 2983 fundo

318 3142 369 3206 1)
405 3144 560 3194 Entw.
593 3144 723 3195 einer
750 3145 1186 3201 Grandbuchordn.
1219 3144 1393 3206 (1889)
1429 3161 1477 3210 p.
1515 3146 1591 3195 35.

317 3223 373 3284 2)
406 3225 589 3275 Motive
620 3226 707 3275 111
741 3243 791 3292 p.
829 3230 907 3277 55.
1530 3240 1537 3247 ’

320 3306 371 3365 3)
408 3306 678 3357 Confitetur
713 3309 1076 3373 decempedator
1110 3310 1338 3375 Steppea,
1371 3310 1459 3358 das
1499 3308 1785 3359 amabam
1818 3308 1882 3357 im
1917 3309 2178 3369 Entwurfe
2209 3308 2382 3368 (1892)
2414 3322 2462 3372 p.
2500 3305 2582 3355 24.

317 3388 373 3452 4)
406 3390 598 3438 Prema.
638 3390 1055 3440 Grundbuohordn.
1097 3388 1281 3456 (1872)
1315 3392 1404 3452 §4-

319 3470 367 3530 5)
398 3470 453 3518 E.
487 3485 535 3534 g.
572 3470 825 3534 Dernburg
858 3474 907 3520 et
940 3470 1199 3531 Hinrichs,
1242 3474 1431 3521 Prema.
1468 3471 1918 3535 Hypothekenreckt
1953 3472 1979 3520 1
2016 3469 2202 3536 (1877)
2236 3485 2283 3534 p.
2319 3470 2435 3519 184.

318 3551 367 3610 6)
405 3554 537 3601 ,ἣν
566 3552 645 3602 die
672 3568 832 3617 grosse
869 3553 1115 3603 Mem-leit
1148 3555 1235 3603 der
1268 3555 1408 3604 Flille
1440 3554 1623 3603 werdon
1662 3552 1765 3603 sich
1799 3554 1878 3603 die
1909 3553 2141 3618 Anyaben
2172 3553 2259 3603 dor
2291 3550 2632 3601 stenar-bacher

258 3630 541 3683 mbr-0¹⁸³&

316 3713 371 3779 7)
419 3717 525 3765 ‚Im
567 3716 794 3779 Vorlaufe
825 3718 911 3765 der
941 3716 1053 3766 Zeit
1083 3717 1207 3767 vird
1240 3756 1250 3766 .
1273 3752 1288 3767 .
1313 3755 1323 3767 .
1345 3750 1359 3766 .
1395 3732 1444 3767 es
1476 3716 1806 3766 thanachzick
1838 3717 1975 3766 nieht
2009 3717 2145 3766 mehr
2175 3715 2469 3779 ausfvthrbar
2498 3714 2627 3775 aein',

254 3795 351 3845 ‘m
382 3798 654 3863 (Δωριεῦσι)
692 3837 703 3849 .
724 3836 736 3848 .
759 3836 770 3847 .
790 3834 802 3847 .
842 3798 933 3847 mit
968 3801 1146 3864 Erfolq
1185 3800 1236 3848 in
1273 3799 1470 3862 Zweifel
1500 3816 1561 3849 zu
1595 3797 1809 3849 eichen&

317 3878 367 3936 8)
417 3881 665 3946 Koppers,
706 3880 785 3930 die
837 3880 1135 3958 Ver-bigodum
1180 3883 1262 3932 dea
1312 3879 1650 3933 Grundbuolea
1695 3880 1786 3929 mit
1831 3882 1919 3930 der
1950 3880 2330 3931 Kataeterkarte
2362 3878 2545 3946 (1892)
2580 3896 2627 3946 p.

256 3959 416 4021 2143,
452 3963 533 4010 58.
2066 3964 2070 3968 “

316 4044 368 4105 9)
405 4045 549 4093 ‚Zur
592 4041 1074 4109 Auamittelunq
1120 4046 1206 4093 der
1250 4044 1303 4093 in
1347 4045 1425 4095 die
1477 4043 1815 4095 Grundbacher
1862 4043 2258 4109 einmtraqenden
2304 4044 2417 4093 odor
2459 4042 2628 4093 bereits

254 4123 601 4189 einqetraqmn
652 4122 1036 4175 Grundstic‘cko’'.
1090 4125 1224 4175 Idem
1270 4128 1443 4176 docent
1489 4126 1738 4190 rogatores
1781 4125 1974 4175 futurae
2020 4140 2109 4190 per
2151 4125 2460 4174 Germaniam
2493 4124 2632 4173 libris

257 4206 551 4267 praediorum
595 4204 799 4270 publicis
847 4207 1073 4270 regundis
1116 4207 1236 4271 legis
1268 4207 1449 4270 (Entw.
1483 4208 1615 4257 einer
1650 4207 2089 4265 Grundbuchordn„
2125 4208 2254 4256 1889
2289 4222 2335 4271 p.
2374 4206 2490 4271 35)=
2529 4207 2633 4255 ,Da

260 4283 465 4336 indesscn
498 4286 557 4350 (l.
600 4286 853 4352 obyleich)
884 4288 973 4337 dac
1014 4289 1300 4338 Grundbuch
1332 4290 1420 4338 das
1461 4287 1774 4338 Grundstssck
1811 4324 1822 4338 .
1844 4325 1855 4337 .
1878 4327 1888 4337 .
1910 4326 1921 4337 .
1957 4289 2109 4337 durch
2149 4288 2340 4353 Anyabe
2371 4290 2458 4337 der
2486 4289 2632 4337 Num·

258 4380 348 4414 mr
387 4369 465 4417 dea
509 4367 773 4418 Flurbucke
815 4369 1105 4429 bezeicknot,
1153 4370 1253 4435 [ao]
1297 4370 1419 4419 wir-d
1450 4386 1544 4419 nur
1569 4370 1823 4435 yarantirt
1837 4408 1850 4428 ,
1887 4370 1998 4419 dass
2031 4371 2120 4419 dae
2151 4387 2216 4420 an
2249 4372 2334 4420 der
2369 4371 2523 4420 Hand
2551 4372 2632 4419 des

255 4448 527 4499 Flurbucboe
566 4466 639 4500 uu
682 4451 872 4500 ormit
891 4453 1109 4502 {elude
1158 4453 1467 4502 Grundaetic‘ck
1508 4454 1599 4502 den
1632 4452 1699 4501 im
1737 4452 2048 4501 Gruudbuohe
2081 4453 2396 4517 anyeqebenen
2429 4452 2628 4501 Rechts·

256 4530 586 4582 verhdltniaem
618 4531 930 4597 unterlieqt’'.
