3351 5463
671 370 800 435 154
1662 387 2051 439 susumus.

660 555 1062 637 suspicatum
1108 556 1280 617 arcte
1324 551 1603 617 involvit
1651 556 1716 616 61
1752 558 1956 617 necat.
2006 553 2096 617 Ut
2135 553 2362 618 Latine
2380 603 2396 631 ,
2443 554 2746 632 „alveum
2787 560 3058 624 circum-

664 658 841 722 dedit
902 657 1099 743 pallio
1159 661 1226 721 in
1290 660 1569 743 speciem
1630 658 2026 735 tentorioli'’,
2092 662 2182 723 sic
2231 657 2471 725 Graece
2517 662 2817 727 similiter
2865 670 3056 750 atque

670 765 892 829 eodem
940 764 1133 829 modo
1179 755 1832 847 (11611101661δροίτην
1898 766 2390 844 περιεσκήνωσεν,
2456 770 2627 845 sive,
2691 772 2747 832 si
2809 773 3056 847 mavis,

666 870 893 945 δροίτην
941 873 1425 946 παρεσκήνωσεν.
1475 869 1650 933 Haec
1697 873 1752 933 si
1798 869 2082 954 placent,
2135 877 2328 950 φᾶρος
2372 894 2665 959 expresse
2707 878 3053 940 memorari

660 997 1203 1062 supervacaneum
1269 976 1633 1041 habendum
1681 981 1796 1039 ost.
1861 974 2006 1041 Duo
2052 978 2361 1041 vocabula
2405 982 2633 1065 igitur,
2687 988 2942 1059 περῶντι
2993 989 3058 1045 61

660 1087 889 1162 φᾶρος,
955 1081 1379 1168 expungenda
1439 1087 1591 1146 sunt
1652 1081 1762 1147 vel
1806 1085 2190 1147 correctione
2241 1090 2466 1169 egent,
2514 1107 2639 1149 vox
2689 1085 2899 1163 λόγοις
2950 1086 3052 1149 ad·

659 1188 863 1253 denda
926 1194 1040 1253 est.
1117 1226 1215 1243 —.
1272 1186 1577 1254 Ceterum
1636 1188 1833 1252 verba
1893 1190 2049 1251 κάπὶ
2116 1188 2382 1267 τέρματι
2446 1191 2613 1275 quod
2661 1191 2741 1256 ad
2789 1212 3052 1256 sensum

659 1293 927 1359 mirifice
986 1293 1318 1379 languent.
1382 1293 1610 1379 Apollo
1671 1295 1848 1357 enim
1866 1341 1881 1369 ‚
1947 1314 2142 1378 quam
2189 1295 2568 1361 brevissime
2613 1302 3057 1362 monstrosum

660 1400 904 1464 facinus
968 1400 1318 1486 depingens
1335 1447 1352 1476 ,
1414 1402 1509 1462 ita
1572 1404 1649 1463 ut
1707 1420 1780 1464 66
1827 1420 1987 1482 quae
2033 1400 2212 1464 foede
2258 1406 2508 1485 patrata
2557 1405 2687 1466 sint
2733 1404 3057 1468 iudicibus

662 1508 844 1590 quasi
908 1511 1053 1569 ante
1117 1504 1331 1570 oculos
1377 1509 1603 1589 ponat,
1652 1504 1860 1568 dicere
1907 1526 2034 1569 non
2082 1509 2296 1590 potuit
2344 1505 2930 1593 Clytaemnestram
2977 1510 3061 1571 ad

646 1612 873 1693 finem,
949 1612 1234 1694 denique,
1297 1609 1583 1675 alveum·
1622 1609 1821 1694 pallio
1887 1611 2413 1689 circumdedisse,
2479 1614 2589 1678 sed
2651 1616 2770 1679 hoc
2836 1618 3056 1699 potius

663 1716 942 1781 indicare
1004 1716 1226 1781 debuit
1286 1737 1428 1780 eam
1475 1718 1684 1799 specie
1732 1719 1968 1780 amoris
2016 1720 2348 1782 tenerrimi
2395 1723 2460 1782 et
2507 1720 3059 1785 observantissimi

667 1821 985 1906 decepisse
1045 1824 1357 1886 maritum
1420 1842 1697 1906 eumque
1758 1824 2133 1906 turpissimo
2194 1824 2382 1887 modo
2429 1825 2752 1888 occidisse.
2819 1825 2889 1890 Si
2937 1826 3056 1890 1106

665 1930 1072 2012 paucissimis
1132 1928 1347 1993 verbis
1366 1976 1383 2005 ‚
1447 1928 1680 2012 quibus
1724 1927 1946 1991 literae
1993 1927 2336 1995 nonnullae
2385 1951 2535 1994 cum
2586 1932 2742 1994 κάπὶ
2790 1930 3058 2010 τέρματι

664 2055 1036 2098 communes
1098 2036 1261 2109 sint,
1326 2035 1682 2117 exprimere
1745 2035 2134 2116 110161110116,
2197 2054 2304 2111 ea,
2369 2055 2529 2119 quae
2592 2035 2669 2099 ab
2732 2035 3058 2121 Aeschylo

664 2142 900 2224 scripta
948 2139 1187 2204 fuerint
1205 2186 1222 2215 ,
1271 2140 1868 2203 restauraverimus.

757 2242 852 2308 De
913 2265 1100 2309 causa
1160 2245 1368 2308 morbi
1430 2247 1543 2309 vix
1604 2244 1888 2308 dubitari
1947 2250 2178 2330 potest.
2251 2243 2630 2331 Corruptela
2691 2247 2840 2311 inde
2887 2248 3058 2311 mihi

663 2355 815 2413 nata
872 2348 1150 2425 videtur,
1216 2348 1384 2433 quod
1444 2370 1667 2414 versus
1731 2352 1961 2413 tertius
2022 2352 2091 2413 in
2153 2350 2364 2415 codice
2412 2352 2761 2437 archetypo
2779 2400 2798 2428 ‚
2849 2374 2883 2416 e
2932 2373 3058 2435 quo

664 2454 994 2519 Mediceus
1057 2454 1317 2519 fluxerit
1335 2502 1351 2532 ,
1416 2476 1610 2540 prope
1671 2457 2066 2540 superiorem
2114 2454 2232 2521 'vel
2277 2457 2645 2521 inferiorem
2692 2460 3059 2543 marginem

666 2564 943 2648 scriptus
991 2561 1187 2625 fuerit
1232 2567 1297 2625 et
1344 2561 1475 2625 fere
1520 2581 1778 2646 prorsus
1822 2563 2174 2638 interierit,
2224 2582 2380 2625 voce
2427 2562 2633 2637 λόγοις
2653 2609 2670 2638 ,
2722 2583 2884 2646 quae
2933 2583 3061 2626 cer-

666 2669 912 2730 tissime
956 2667 1197 2731 ibidem
1235 2665 1595 2753 reponenda
1631 2670 1760 2743 est,
1806 2665 2045 2742 deleta,
2091 2669 2414 2750 sequentis
2451 2667 2752 2731 vocabuli
2790 2669 3058 2734 fortasse

664 2773 1071 2839 solummodo
1131 2772 1337 2838 literis
1370 2797 1447 2860 ,π
1510 2779 1576 2838 61
1635 2797 1664 2850 ρ
1728 2773 2026 2837 distincte
2088 2771 2330 2838 relictis
2351 2821 2366 2850 ‚
2415 2795 2568 2839 voce
2619 2777 2848 2853 λουτρά
2896 2777 3058 2840 bene

664 2900 991 2962 expressa,
1042 2879 1120 2943 ad
1164 2879 1359 2942 finem
1406 2899 1629 2944 versus
1677 2869 1999 2942 nonnullis
2045 2878 2288 2954 literis,
2335 2880 2604 2944 fortasse
2653 2904 2736 2943 κα
2785 2887 2850 2944 61
2898 2905 3052 2957 spa,

664 2985 1141 3068 superstitibus.
1203 2983 1533 3048 Librarius
1596 3004 1822 3047 vocem
1889 2983 2086 3062 δροίτῃ
2151 2986 2269 3062 (616
2317 2981 2473 3049 Ood.
2523 2984 2726 3064 Med.)
2777 3006 2810 3048 6
2858 3005 3054 3049 versu

662 3095 964 3176 sequente
1025 3093 1095 3155 in
1154 3111 1417 3155 versum
1483 3089 1878 3154 defectivum
1939 3088 2302 3166 transtulit,
2368 3090 2564 3154 verba
2608 3090 2880 3155 evanida
2926 3112 3056 3155 non

661 3202 831 3262 recte
874 3196 1040 3284 legit
1084 3202 1149 3261 et
1195 3217 1229 3260 6
1274 3195 1493 3283 glossa
1539 3195 1814 3280 quadam
1863 3199 2078 3260 versui
2121 3197 2414 3279 sequenti
2453 3198 2649 3274 Φὶὶρος
2690 3196 2936 3261 addidit
2976 3217 3056 3260 ne

663 3325 883 3369 sensus
930 3316 1338 3387 metrumque
1385 3305 1640 3387 penitus
1686 3296 1962 3366 ruerent.
3113 3386 3120 3390 .

750 3408 895 3474 Non
964 3415 1133 3474 recte
1195 3407 1431 3473 Schiitz
1451 3456 1466 3484 ‚
1515 3406 1822 3483 Dindorf,
1876 3406 2208 3473 Hermann
2227 3455 2243 3483 ,
2293 3404 2626 3471 Wecklein
2645 3455 2661 3484 ,
2709 3407 2822 3471 alii
2840 3456 2856 3484 ,
2907 3415 3058 3492 post

665 3516 1003 3592 δεδεγμένη
1069 3517 1262 3580 1101116
1324 3534 1549 3578 versus
1593 3513 1894 3577 lacunam
1939 3512 2388 3577 indicaverunt
2406 3560 2423 3589 ,
2475 3533 2671 3596 quam
2717 3511 3059 3578 Wecklein

662 3621 811 3701 (Die
875 3619 1121 3685 0166116
1183 3619 1292 3684 (166
1359 3618 1588 3683 Α66611.
1646 3639 1713 3702 p.
1766 3615 1920 3695 297,
1985 3623 2199 3682 annot.
2261 3617 2342 3682 ad
2404 3639 2515 3683 vv.
2567 3617 2697 3681 634
2738 3625 2907 3703 sqq.)
2961 3622 3060 3684 ita

665 3726 918 3812 explere
963 3731 1229 3791 conatus
1274 3730 1410 3814 est:

1881 3830 2162 3910 εὔφροσιν
2210 3829 2546 3907 δεδεγμένη

1120 3938 1376 4018 (λόγοις
1426 3935 1683 4016 δρέξουσ’
1734 3936 1953 4010 ὠλένην
2006 3935 2440 4015 ἐχρίμπτετο)

1113 4043 1310 4121 δροίτῃ
1357 4049 1609 4120 περῶντι
1658 4044 1886 4119 λουτρὰ
1937 4041 2093 4105 κάπὶ
2145 4043 2410 4118 τέρματι

1113 4153 1309 4230 φᾶρος
1360 4149 1807 4225 περεσκήνωσεν
1855 4148 1985 4210 κτὲ.

656 4255 835 4322 Η666
893 4254 1061 4340 quod
1122 4254 1201 4318 ad
1262 4274 1521 4319 sensum
1584 4273 1735 4316 vera
1797 4271 1922 4314 non
1969 4269 2103 4313 6666
2149 4270 2353 4334 neque
2401 4272 2537 4314 esse
2583 4269 2768 4334 posse
2787 4299 2804 4328 ,
2857 4271 3059 4336 supra

658 4362 956 4448 exposui3
1024 4360 1263 4424 accedit
1325 4359 1494 4444 quod
1558 4359 1830 4420 minime
1891 4353 2142 4438 placent
2205 4355 2411 4419 dativi
2470 4357 2583 4419 isti
2629 4358 3057 4441 iuxtapositi,

660 4467 859 4549 δροίτῃ
904 4466 982 4531 ab
1032 4466 1449 4557 &plum-fro,
1503 4469 1756 4541 περῶντι
1806 4458 2033 4535 λουτρά
2081 4455 2158 4521 61)
2207 4458 2467 4536 ὅρέξουσ·
2516 4461 2736 4534 ὠλένην
2779 4462 3064 4544 penden-
