3351 5463
703 337 791 403 26
1777 355 2008 405 nrvrue.

790 542 842 585 ο.
894 521 956 586 2.
988 520 1091 586 13.
1171 521 1429 584 Romani
1495 521 1882 602 imperatores
1943 529 2013 585 ut
2073 524 2337 587 turbatos
2400 525 2657 588 hostium
2718 527 2961 591 ordines
3022 537 3083 593 et

703 627 1158 708 trepidationem
1204 649 1602 711 pauoremque
1661 634 1719 689 et
1754 629 2129 709 fluctuantia
2177 628 2456 692 viderunt
2500 630 2677 711 siqua
2694 682 2709 709 ,
2759 633 3082 697 hortantur

702 739 806 811 <o
823 754 966 795 ran
983 740 1080 812 t>
1138 733 1360 796 mibites
1381 781 1397 809 ,
1459 740 1529 796 ut
1575 733 1891 814 perculsos
1951 735 2247 798 invadant
2289 757 2407 798 neu
2451 737 2695 800 restitui
2740 739 2925 802 aoiem
2960 764 3081 823 pa-

696 838 951 901 tiantur.

783 941 1031 1006 Mirum
1091 945 1147 1006 si
1211 942 1430 1006 orandi
1493 945 1624 1006 sint
1686 942 2027 1029 legionarii
2088 942 2392 1022 Romani,
2454 967 2583 1011 non
2631 947 2950 1026 seditiosi,
3000 956 3079 1014 ut

598 1099 602 1101 »
691 1048 996 1113 invadant
1055 1051 1125 1114 in
1187 1048 1437 1113 hostem
1501 1050 1838 1114 turbatum
1855 1097 1871 1126 ,
1945 1050 2255 1133 pavidum
2273 1099 2289 1128 ,
2353 1051 2719 1136 perculsum
2781 1057 3078 1139 equitum

689 1155 960 1239 impetu.
1031 1153 1285 1218 Vitium
1353 1160 1568 1218 ortum
1629 1175 1709 1218 ex
1768 1154 2204 1239 dittographia
2267 1156 2449 1221 verbi
2510 1157 2829 1222 hortantur
2875 1181 3077 1246 eaque

690 1259 924 1323 mutila
971 1260 1048 1323 ab
1094 1262 1282 1324 initio
1342 1266 1406 1324 et
1468 1259 1629 1324 fine:
1696 1265 1915 1324 ortant.
1980 1259 2076 1325 De
2137 1262 2177 1322 h
2238 1265 2505 1340 omissa,
2570 1285 2695 1328 non
2759 1270 2855 1329 est
2901 1267 3074 1350 quod

693 1384 990 1429 moneam
1051 1370 1116 1428 et
1179 1365 1260 1428 ad
1321 1367 1836 1430 terminationem
1898 1364 2200 1428 mutilam
2262 1366 2340 1430 cf.
2390 1387 2443 1431 e.
2491 1388 2556 1453 g.
2609 1370 2644 1452 ξ
2686 1368 2725 1432 9
2774 1371 3073 1456 turbavit,

691 1477 878 1533 -runt.
951 1491 1002 1534 o.
1067 1469 1130 1533 8.
1163 1469 1245 1533 10
1310 1476 1797 1550 asportaverant,
1863 1471 2072 1547 -tabat,
2137 1471 2390 1536 -tabant.
2454 1471 2559 1537 30.
2590 1472 2650 1538 9.
2681 1473 2722 1537 4
2784 1479 3073 1555 convehit,

694 1576 1030 1654 -hebantur,
1079 1576 1293 1652 -hebat,
1342 1576 1600 1639 -hebant
1648 1576 1739 1639 ib.
1796 1576 1899 1639 12.
1928 1575 2015 1641 20
2062 1576 2458 1661 relinqueret,
2500 1587 2710 1657 -retur,
2758 1585 2822 1644 et
2867 1581 3079 1648 multa

699 1680 956 1745 similia.
998 1675 1008 1683 ’

785 1905 838 1947 ο.
891 1882 994 1948 19.
1024 1883 1085 1948 6.
1150 1883 1220 1963 Q.
1283 1883 1466 1950 Fabii
1529 1885 1843 1948 sententia
1901 1884 1970 1947 in
2032 1889 2255 1948 senatu
2300 1883 2433 1950 lata
2478 1885 2754 1952 refertur
2798 1908 2835 1953 a
2881 1888 3074 1955 Livio

698 2009 811 2074 per
854 1988 1211 2055 infinitivos
1257 1988 1542 2074 passivos
1560 2038 1576 2066 ,
1624 1990 1795 2059 hunc
1838 1992 1907 2052 in
1954 1990 2257 2054 modum:

793 2096 862 2174 Q.
911 2094 1138 2158 Fabius
1187 2143 1202 2159 .
1229 2142 1244 2159 .
1274 2142 1287 2158 .
1341 2095 1565 2158 adiecit
1580 2121 1599 2155 .-
1662 2094 2023 2157 Pteminium
2071 2095 2327 2174 leqatum
2372 2096 2633 2160 vinetum
2679 2099 2929 2162 Romam
2976 2103 3076 2164 de-

679 2201 927 2282 portari
973 2201 1223 2282 plaeere
1272 2247 1285 2263 .
1317 2249 1331 2265 .
1363 2247 1378 2263 .
1442 2201 1705 2284 bonaque
1765 2200 1893 2263 eins
1940 2200 2255 2282 publicari
2269 2229 2297 2275 ;
2360 2201 2432 2266 P.
2498 2203 2849 2285 Scipionem,
2913 2209 3075 2290 quod

694 2305 1033 2368 decessisset
1093 2305 1332 2368 iniussu
1393 2312 1634 2368 senatus
1651 2352 1668 2381 ,
1732 2306 1999 2368 revocari
2062 2305 2277 2389 aqique
2338 2329 2467 2369 eum
2528 2308 2665 2372 trib.
2702 2309 2825 2390 pl„
2884 2317 2953 2372 ut
2998 2311 3072 2374 cte

691 2410 937 2492 imperio
1009 2410 1133 2473 eius
1203 2412 1540 2490 abroyando
1583 2411 1840 2495 ferrent
1900 2412 1985 2474 act
2028 2412 2320 2493 poputum
2335 2438 2354 2474 .·
2422 2413 2812 2477 Locrensibus
2874 2438 3071 2478 eoram

690 2522 1050 2578 senatum
1109 2516 1627 2596 respondere,
1692 2537 1841 2600 quas
1902 2515 2166 2579 iniurias
2224 2517 2342 2580 sibi
2385 2519 2609 2602 factas
2656 2528 3070 2603 quererentur,

693 2643 793 2682 eas
860 2641 1047 2705 neque
1113 2628 1379 2684 senatum
1440 2641 1626 2706 neque
1672 2621 1969 2703 popubum
2034 2624 2357 2684 Romanum
2402 2623 2626 2706 factas
2673 2624 2826 2687 velle
2841 2672 2858 2701 ,
2906 2625 3069 2689 viros

692 2726 865 2791 bonos
925 2727 1222 2812 sociosque
1279 2734 1336 2790 et
1380 2726 1597 2791 amieos
1645 2749 1741 2791 eos
1790 2725 2131 2809 appellari,
2182 2731 2247 2791 et
2294 2733 2649 2811 sequuntur
2694 2731 2890 2795 etiam
2932 2752 3069 2817 sep-

691 2837 827 2897 tem
875 2831 1050 2896 infin.
1100 2853 1266 2917 pass.

782 2935 1046 3022 Corrigo
1090 2939 1296 3024 igitur
1343 2938 1691 3020 responderi
1710 2985 1726 3014 ,
1774 2958 1898 3020 quo
1946 2936 2145 3001 simul
2191 2935 2539 3022 expellitur
2582 2958 2713 3003 vox
2758 2948 3027 3004 senatum
3043 2990 3062 3020 ,

685 3048 784 3107 ter
827 3064 996 3107 nunc
1043 3046 1314 3127 repetita
1358 3046 1528 3107 intra
1573 3043 1766 3108 breve
1816 3045 2117 3126 spatium.

777 3282 829 3326 c.
872 3260 978 3326 26.
1010 3259 1070 3324 5.
1121 3259 1495 3345 Numquam
1533 3259 1670 3323 ulla
1710 3260 2014 3343 profectio
2054 3261 2218 3325 tanti
2258 3260 2602 3343 spectaculi
2640 3262 2799 3337 fuit,
2843 3264 3065 3345 quanti

685 3366 998 3452 Scipionis
1046 3388 1123 3431 ex
1168 3364 1387 3431 Sicilia
1431 3369 1500 3429 in
1555 3366 1854 3430 Africam.
1919 3366 2182 3430 Praeter
2248 3368 2513 3429 navium
2575 3366 3063 3431 multitudinem

687 3472 971 3557 aliasque
1026 3493 1124 3536 res
1187 3479 1245 3535 et
1305 3472 1502 3553 Scipio
1567 3473 1691 3533 dua
1739 3470 1973 3551 partim
2015 3471 2223 3555 saetis
2252 3472 2534 3555 fortibus
2569 3472 2804 3553 partim
2848 3480 3062 3554 suapte

667 3580 941 3663 fortuna
985 3580 1241 3662 quadam
1279 3576 1509 3657 inqenti
1548 3579 1632 3639 ad
1667 3576 2027 3639 incrementa
2054 3576 2289 3655 yloriae
2327 3577 2651 3641 celebratus
2691 3585 3059 3642 converterat

685 3684 956 3758 animos;
1017 3683 1257 3745 simut
1315 3690 1386 3746 et
1449 3704 1655 3744 mens
1716 3681 1897 3763 ipsa
1958 3680 2424 3744 traiciendi
2482 3684 2703 3745 nulli
2750 3691 2935 3747 ante
2980 3707 3059 3747 eo

683 3788 891 3851 betto
955 3788 1140 3851 duei
1187 3795 1576 3869 temptata
1598 3835 1611 3861 ,
1666 3789 1869 3871 quod
1913 3789 2011 3850 ad
2054 3786 2595 3851 Hannibalem
2643 3790 2929 3852 detrah
2951 3812 3060 3853 en—

684 3894 854 3955 dum
923 3915 1008 3955 ex
1077 3893 1352 3955 Italia
1424 3894 2243 3977 transferendumque
2311 3899 2385 3955 et
2428 3892 2913 3976 finiendum
2974 3894 3057 3957 in

679 3998 984 4084 Africa
1043 3998 1336 4060 bellum
1397 4022 1426 4060 s
1451 4021 1480 4060 e
1529 3997 1896 4060 transire
1955 3998 2481 4078 vulqaverat;
2551 4005 2930 4062 concurrerat
2976 4001 3059 4062 ad

679 4103 1077 4184 speetaeubum
1123 4102 1191 4165 in
1223 4109 1466 4184 portum
1513 4102 1701 4165 omnis
1751 4104 1925 4165 turba
1966 4124 2081 4165 non
2120 4102 2519 4165 habitantium
2554 4106 2720 4168 modo
2758 4103 3055 4187 Lilybaei,

679 4208 787 4270 sed
830 4228 883 4271 e.
913 4228 971 4291 q.
1000 4228 1049 4271 s·

769 4312 1004 4377 Notavi
1040 4314 1434 4377 sententiam
1480 4314 1646 4377 mira
1692 4315 1934 4377 ratione
1972 4315 2278 4377 insertam
2296 4360 2312 4389 ,
2353 4312 2430 4376 de
2470 4334 2593 4397 qua
2634 4313 2855 4377 dubito
2894 4316 3057 4379 sitne

684 4439 762 4482 ex
825 4416 940 4483 illo
1002 4437 1233 4503 genere
1296 4417 1877 4483 additament-,orum
1894 4467 1910 4497 ,
1977 4418 2053 4483 de
2121 4418 2352 4503 quibus
2422 4421 2559 4505 egit
2626 4416 2672 4483 S
2688 4418 2761 4483 ol
2776 4424 2805 4483 t
2822 4440 2858 4484 a
2874 4440 2919 4483 u
2987 4423 3057 4485 in
