3351 5463
604 376 735 444 286
1543 389 2040 452 Amsrormuns

963 556 1288 640 Αἰσχύλε,
1336 562 1612 638 παραινῶ
1660 578 1751 622 σοι
1802 557 2072 624 σιωπᾶν·
2122 555 2173 622 εἰ
2224 553 2288 621 δὲ
2331 555 2459 634 μή,
2511 597 2572 620 ..
2605 601 2619 618 .
2650 600 2665 619 .

825 665 903 732 A.
954 665 1075 744 ἐγὼ
1124 667 1327 729 σιωπῶ
1375 661 1562 744 τῷδες
1898 728 1906 739 ι

601 771 821 844 Voluit
866 771 1152 839 Bacchus
1202 775 1413 850 „taoez
1463 770 1563 834 sin
1608 770 1826 834 minus
1843 816 1860 846 ,
1909 767 2248 854 vapulabis
2293 768 2372 834 ab
2415 763 2841 834 adversario.”
2899 783 2904 788 ·

690 987 798 1056 Vs.
852 985 1049 1056 1477.

872 1093 966 1167 τίς
1017 1091 1072 1159 δ’
1118 1087 1285 1160 οἶδεν
1331 1092 1383 1158 εἰ
1430 1090 1503 1158 τὸ
1550 1091 1658 1173 ζῆν
1705 1090 1821 1170 μέν
1869 1092 2000 1158 έστι
2049 1093 2376 1160 κατθανεῖν

872 1199 957 1268 τὸ
1006 1201 1231 1267 πνεῖν
1282 1197 1361 1264 δὲ
1408 1198 1814 1285 δειπνεῖν,
1862 1199 1932 1264 τὸ
1983 1197 2045 1265 δὲ
2095 1198 2408 1264 καθεύδειν
2457 1199 2754 1282 κῴδιον.

601 1308 697 1374 De
756 1327 951 1374 versu
1011 1308 1243 1372 misere
1307 1306 1650 1390 depravato
1696 1304 1956 1372 consule
1995 1304 2324 1392 Blaydesii
2369 1312 2589 1372 notam
2607 1355 2624 1384 ,
2659 1309 2790 1391 qui
2835 1305 2983 1373 coll.

602 1413 869 1499 Antiph.
919 1434 1079 1478 com.
1126 1411 1221 1476 HI
1270 1409 1397 1476 138
1437 1410 1541 1475 M..
1571 1413 1844 1476 coniecit
1881 1410 1950 1476 τὸ
1991 1419 2166 1476 πνεῖν
2202 1410 2264 1476 δὲ
2303 1411 2516 1495 πίνειν,
2559 1411 2732 1497 quod
2767 1418 2988 1476 tamen

600 1525 861 1607 propter
920 1537 1291 1604 praegressa
1346 1538 1473 1582 non
1536 1517 1791 1582 suffieit.
1848 1515 2004 1582 Inde
2067 1518 2240 1582 enim
2301 1516 2514 1602 liquet
2569 1518 2674 1582 hie
2735 1538 2988 1602 quoque

601 1626 797 1692 fuisse
843 1626 1127 1688 notiones
1172 1643 1207 1687 e
1254 1624 1511 1708 regione
1560 1624 1882 1707 oppositas
1901 1670 1918 1699 ‚
1958 1625 2175 1706 itaque
2213 1622 2422 1690 multo
2465 1627 2745 1708 praestat
2788 1622 2992 1688 altera

602 1731 892 1797 eiusdem
938 1731 1296 1795 coniectura
1344 1726 1605 1793 δειπνεῖν
1651 1728 1714 1792 δὲ
1760 1728 1829 1792 τὸ
1877 1737 2107 1808 πεινῆν,
2160 1729 2270 1794 sed
2318 1729 2544 1815 quidni
2595 1728 2807 1794 lenius

877 1819 1160 1909 πεινῆν
1210 1833 1418 1899 δὲτὸ
1468 1832 1883 1899 δειπνεῒνῖ

607 1941 927 2009 Similiter
970 1961 1123 2006 vero
1185 1941 1305 2005 sub
1354 1938 1558 2022 κῴδιον
1604 1939 1936 2006 deliteseat
1983 1960 2232 2005 neeesse
2279 1944 2377 2006 est
2418 1942 2594 2005 notio
2643 1939 2727 2021 τῷ
2775 1939 2922 2004 καθε
2931 1937 2993 2004 ύ-

608 2047 727 2112 δειν
768 2049 1057 2132 opposita
1074 2033 1100 2124 ,Α
1140 2068 1344 2132 neque
1381 2049 1590 2133 igitur
1627 2046 1954 2121 sufficiunt
1993 2047 2280 2111 eiusdem
2317 2047 2716 2112 coniecturae
2753 2045 2994 2125 έσθιέιν,

608 2153 943 2232 καμμύειν,
985 2153 1288 2232 ἐκθανεῖν,
1274 2174 1288 2188 ·
1330 2159 1612 2238 praestat
1648 2173 1797 2218 sane
1839 2157 2066 2238 quarta
2103 2151 2522 2234 διαγρυπνεῒν,
2561 2152 2674 2217 sed
2698 2149 2996 2236 displicet

607 2259 825 2326 addita
860 2261 1284 2346 praepositio,
1325 2264 1389 2324 et
1424 2259 1619 2323 huius
1659 2277 1912 2344 quoque
1950 2257 2244 2324 vocabuli
2282 2260 2484 2324 nimia
2507 2257 2992 2323 dissimilitudo.

605 2365 751 2452 Ipse
794 2367 1079 2451 cogitavi
1122 2364 1199 2430 de
1242 2387 1279 2430 σ
1298 2389 1333 2430 ν
1351 2388 1381 2428 ν
1399 2389 1428 2428 ν
1448 2385 1521 2430 οε
1542 2389 1561 2430 ι
1582 2388 1643 2443 ν,
1704 2361 1815 2430 sed
1860 2365 2291 2430 coniecturam
2333 2387 2462 2430 non
2507 2385 2730 2488 urgeo.
2795 2363 2998 2445 Quae-

608 2478 752 2538 rant
799 2470 933 2537 alii.

1591 2729 2012 2745 ——fi—-ss

1741 2967 1854 3035 III.

1503 3203 1589 3249 An
1635 3202 2099 3251 LYSISTRATAM.

700 3396 807 3463 Vs.
858 3393 965 3465 51.
1014 3394 1232 3465 Calon.
1280 3396 1571 3476 κροκωτὸν
1618 3393 1742 3474 ἄρα
1789 3395 1856 3471 νὴ
1906 3395 1988 3461 τὼ
2036 3396 2144 3461 θεὼ
2197 3396 2318 3475 ,ἐγὼ
2363 3396 2776 3481 βάψομαι.

1078 3502 1233 3590 Lys.
1280 3501 1434 3580 μήτ’
1482 3501 1726 3569 α’σπίδα
1773 3502 2000 3579 λαβεῖν
2047 3530 2134 3551 --

1807 3606 1941 3674 Gal.
1992 3606 2322 3688 Κιμμέριον
2372 3607 2720 3688 ἐνδύσομαι.

610 3713 909 3795 Βάψομαι
931 3764 947 3792 ,
1018 3713 1363 3795 timendam
1432 3715 1644 3778 curabo
1715 3712 2012 3801 intellegi
2081 3736 2230 3779 sane
2301 3721 2543 3799 potest,
2601 3716 2719 3782 sed
2778 3722 2998 3783 tamen

612 3823 827 3906 aptius
888 3820 1146 3886 videtur
1206 3818 1411 3899 έναψ
1433 3842 1525 3895 ομ
1546 3843 1661 3897 αι,
1709 3820 1991 3899 induam,
2038 3825 2116 3885 ut
2161 3823 2452 3905 sequitur
2497 3822 2844 3902 ἐνδύσομαι.
2890 3820 2995 3889 cf.

611 3925 782 3992 Eool.
833 3924 921 3991 80
970 3924 1256 4005 διφθέραν
1304 3922 1640 4003 ἐνημμένος
1689 3924 1771 3991 al.

704 4143 812 4211 Vs.
865 4142 972 4209 53.
1024 4144 1128 4209 καὶ
1178 4143 1318 4209 ποτὶ
1369 4142 1583 4222 πυγαν
1633 4140 1938 4218 αλλομαι.

614 4246 1179 4335 Of.Hippoor.11
1224 4248 1356 4315 493
1406 4249 1503 4314 ed.
1550 4248 1752 4326 Erm„
1804 4249 1916 4313 ubi
1963 4246 2222 4319 ἑπτάκις
2271 4248 2415 4328 πρὸς
2464 4252 2673 4331 πυγην
2720 4251 2989 4385 πηδῆσαι

614 4354 923 4421 suadetur
966 4354 1229 4421 mulieri
1275 4357 1655 4442 praegnanti
1699 4354 1844 4435 πρὸς
1895 4356 1964 4421 τὸ
2012 4354 2450 4434 έξαμβλῶσαι.
