3351 5463
1291 1017 1866 1107 INFINITIVI
1924 1017 2038 1106 IN
2098 1017 2396 1107 -UIRL

1722 1237 1969 1294 scmpsrr

1436 1403 1494 1468 J.
1545 1403 1720 1468 VAN
1768 1402 1943 1466 DER
1987 1403 2261 1468 VLIET.

1612 1690 2044 1732 —mssossw—

744 1940 1039 2024 Undique
1087 1936 1485 2022 colliguntur
1530 1935 1822 2022 exempla
1867 1935 2184 2000 Infinitiui
2221 1935 2454 1999 Futuri
2492 1935 2746 2001 Passiui
2783 1940 2853 2001 in
2891 1937 3045 2002 -niri

655 2047 761 2127 (cf.
810 2046 1049 2110 Archiv
1096 2043 1141 2106 f.
1190 2042 1265 2106 L.
1314 2042 1387 2106 L.
1436 2039 1607 2104 VIII.
1646 2061 1720 2126 *p.
1773 2039 1904 2104 338
1953 2047 2017 2106 et
2061 2041 2176 2105 IX.
2226 2063 2288 2126 p.
2342 2041 2520 2120 492).
2587 2042 2836 2119 Huius,
2903 2046 3042 2108 siue

652 2153 860 2218 forma
908 2148 1281 2236 appellanda
1320 2153 1447 2223 est,
1493 2149 1630 2211 siue
1669 2150 1833 2210 ratio
1875 2147 2221 2224 scribendi,
2263 2149 2544 2232 uestigia
2584 2146 2807 2212 extant
2843 2152 3043 2214 etiam

656 2257 825 2343 apud
872 2252 1245 2340 Apuleium.
1294 2251 1475 2315 Libri
1521 2253 1694 2315 enim
1741 2250 1882 2314 IXi.
1931 2272 2068 2336 cap.
2113 2249 2154 2314 8
2195 2258 2281 2335 (p.
2332 2250 2480 2315 159.
2509 2249 2622 2332 27>
2657 2253 2812 2316 haec
2850 2254 3045 2317 edun-

652 2367 795 2426 tur:
860 2361 917 2423 si
956 2359 1263 2442 praelium
1309 2355 1713 2438 capessiturus
1755 2357 1860 2420 uel
1905 2357 2204 2421 latronum
2231 2358 2576 2442 factionem
2611 2366 3042 2440 persecuturus

652 2467 836 2530 utiles
894 2488 1073 2528 necne
1130 2485 1437 2544 processus
1500 2461 1928 2539 sciscitaretur,
1981 2462 2252 2526 additam
2297 2462 2616 2526 uictoriam
2644 2465 2822 2548 forti
2849 2487 3043 2546 ‚prae-

653 2572 819 2652 saqio
866 2571 1313 2646 contendebant,
1362 2567 1581 2652 quippe
1628 2568 1886 2632 ceruices
1933 2568 2187 2632 hostium
2231 2567 2370 2648 iuyo
2415 2569 2722 2632 subacturi
2766 2577 2825 2633 et
2857 2593 3043 2652 pra-e-

654 2678 792 2740 dam
838 2677 913 2739 de
955 2675 1194 2757 rapinis
1235 2673 1588 2737 uberrimam
1615 2673 2118 2759 fructuosamque
2163 2673 2419 2755 capturi.
2475 2673 2549 2738 In
2588 2677 2832 2760 optimo
2871 2675 3038 2741 h'bro

650 2806 678 2846 r
722 2783 1001 2867 legitur:
1048 2779 1436 2843 subactffiri.
1511 2778 2037 2862 Quandoquidem
2076 2778 2256 2844 Infin.
2301 2779 2530 2844 Futur.
2571 2780 2749 2845 Pass.
2779 2765 3038 2845 'senten-

649 2890 778 2951 tiae
848 2885 1059 2950 multo
1130 2887 1337 2969 aptior
1397 2890 1492 2947 est
1554 2905 1750 2968 quam
1810 2884 2048 2950 Partic.
2105 2871 2252 2949 F1'1t.
2300 2884 2441 2949 Act.
2464 2933 2480 2962 ,
2531 2886 2886 2951 uerisimile
2936 2892 3036 2951 est

652 2994 848 3055 etiam
893 2989 1131 3072 capturi
1179 2988 1337 3053 olim
1382 2988 1580 3053 fuisse
1627 2990 1914 3072 captuiri.
1979 2990 2277 3055 Alterum
2323 2990 2516 3053 huius
2562 2989 2850 3054 Infinitui
2899 3012 3039 3055 ues-

650 3099 894 3183 tigium
959 3100 1288 3161 seruatum
1346 3099 1442 3157 est
1485 3093 1529 3159 1.
1580 3093 1677 3158 ΙΧ
1723 3117 1774 3160 c.
1829 3095 1910 3159 11
1961 3102 2049 3180 (p.
2106 3093 2366 3161 161.2’7
2413 3097 2616 3179 ⁶sts.)
2677 3098 2836 3179 quod
2879 3098 3068 3159 enim·

648 3204 825 3267 rebar
882 3209 950 3265 ut
1010 3202 1207 3264 minus
1272 3206 1474 3282 aptum
1542 3207 1599 3262 et
1660 3202 2004 3264 huiusmodi
2047 3201 2378 3264 ministerio
2424 3202 2576 3263 satis
2622 3200 2900 3264 inutilem
2946 3224 3035 3265 me

651 3312 736 3372 ad
804 3308 989 3372 alium
1060 3307 1390 3393 quempiam
1458 3306 1664 3389 utique
1749 3307 2029 3369 leuiorem
2105 3307 2358 3369 laborem
2437 3306 2872 3386 <de>le9atum
2947 3306 3036 3369 iri

647 3416 751 3478 uel
817 3416 1065 3508 otiosum
1136 3420 1290 3476 certe
1358 3412 1613 3475 cibatum
1680 3411 1784 3474 iri.
1855 3412 2210 3492 Deleqatum
2278 3414 2502 3497 scripsi
2570 3432 2685 3495 pro
2755 3411 3030 3497 uulgato

649 3521 905 3600 teyatum
952 3508 1181 3585 collato
1226 3515 1375 3583 127.
1408 3516 1511 3581 13.
1561 3516 1634 3580 In
1673 3539 1702 3579 r
1742 3522 1839 3580 est
1881 3517 2113 3595 cibatu,
2156 3524 2230 3582 ut
2271 3524 2336 3581 et
2361 3519 2463 3581 hic
2489 3520 2800 3601 suspicari
2835 3518 3029 3583 liceat

650 3628 1007 3710 antiquitus
1070 3624 1433 3704 deleyatuiri
1478 3624 1792 3706 scriptum
1839 3622 2053 3687 fuisse.
2103 3623 2164 3687 N
2166 3644 2199 3687 e
2245 3625 2388 3707 quis
2433 3622 2597 3687 forte
2645 3623 2859 3687 credat
2898 3645 3034 3688 sen-

645 3734 919 3795 tentiam
978 3733 1044 3793 in
1106 3728 1305 3793 altero
1367 3727 1504 3792 loco
1558 3730 1892 3791 inum-sum
1941 3729 2287 3793 uerborum
2334 3728 2622 3791 ordinem
2668 3729 2991 3812 requirere
3011 3777 3028 3807 ,

646 3842 722 3899 ut
761 3838 1006 3900 oriatur
1042 3856 1131 3897 me
1168 3832 1415 3897 otiosum
1464 3832 1722 3895 cibatum
1769 3832 1854 3895 iri
1871 3880 1887 3909 ‚
1935 3834 2039 3895 uel
2083 3841 2237 3897 certe
2281 3836 2366 3896 ad
2411 3870 2496 3881 —
2539 3833 2825 3897 leuiorem
2873 3835 3032 3897 labo-

646 3963 771 4005 rem
808 3939 1245 4020 <de>leqatum
1286 3937 1369 4001 iri
1385 3986 1401 4015 ,
1445 3938 1724 4004 conferat
1764 3937 1840 4003 de
1877 3938 2199 4005 locutione
2235 3940 2339 4003 uel
2379 3946 2533 4003 certe
2569 3941 2638 4003 in
2668 3941 3031 4021 qradatione

647 4067 981 4111 summum
1044 4064 1362 4131 quemque
1422 4044 1700 4130 gradum
1756 4044 2068 4110 indicanti
2125 4046 2189 4111 2.
2215 4043 2302 4109 26
2351 4049 2416 4109 et
2465 4042 2570 4109 79.
2604 4044 2708 4123 13,
2763 4043 2912 4110 186.
2941 4046 3026 4110 21

645 4152 834 4238 Eyss.
882 4152 1005 4215 His
1023 4200 1039 4229 ‚
1088 4154 1214 4215 nisi
1264 4153 1525 4236 egregie
1572 4149 1778 4227 fallor,
1828 4151 2060 4215 tertius
2098 4151 2276 4216 locus
2315 4153 2439 4215 erit
2476 4151 2834 4216 addendus:
2877 4150 3031 4215 libri

647 4259 823 4322 enim
882 4256 1002 4321 IIIi
1065 4277 1199 4341 cap.
1255 4255 1334 4321 19
1397 4261 1485 4341 (p.
1538 4254 1645 4321 50.
1677 4254 1760 4319 13
1808 4242 2011 4339 Eyss.)
2070 4256 2224 4322 haec
2284 4255 2628 4342 leguntur:
2693 4258 2799 4319 sed
2839 4263 2910 4319 ut
2957 4278 3028 4319 ea

650 4362 846 4426 animo
889 4361 999 4425 tibi
1034 4362 1241 4426 uolens
1278 4384 1440 4425 omne
1475 4361 1758 4425 delictum
1773 4408 1790 4437 ,
1833 4380 1945 4442 quo
1982 4382 2072 4423 me
2111 4363 2298 4425 tantis
2335 4363 2654 4442 anqoribus
2687 4360 3026 4443 inplicasti,

647 4467 941 4533 remittam
956 4515 973 4545 ,
1028 4474 1284 4549 praesta
1344 4468 1501 4551 quod
1559 4464 1799 4529 summis
1857 4464 2016 4527 uotis
2061 4468 2368 4547 expostulo
2417 4475 2476 4531 et
2522 4469 2814 4533 domanam
2863 4474 3025 4531 tuam
