3351 5463
616 363 743 429 106
1558 380 2058 429 Amsrormns.

610 546 802 611 Vides
863 568 965 611 me
1025 550 1094 610 in
1156 568 1348 611 versu
1412 544 1541 609 609
1602 551 1862 631 gratum
1930 565 1966 609 a
2030 549 2094 609 te
2141 547 2452 631 accepisse
2498 545 2663 612 illud
2711 545 2994 625 λάβεσθε

610 653 866 729 τουτουί,
910 642 1076 737 quod
1114 651 1371 716 lectioni
1416 650 1723 737 vulgatae
1771 650 2058 731 μάχεσθε
2109 652 2326 729 τουτῳί
2373 650 2531 717 olim
2575 652 2994 717 substituisti.

614 794 701 807 —
747 757 991 822 Turbae
1052 758 1368 842 peperisse
1432 756 1734 821 videntur
1793 758 2196 821 accusativus
2256 758 2494 823 τουτονί
2554 779 2648 823 vs.
2700 758 2832 823 610
2880 780 2998 843 pro

608 863 825 927 obiecto
893 864 1072 928 verbi
1142 864 1397 925 τύπτειν
1466 862 1726 926 habitus
1798 898 1884 909 —-
1944 863 2264 925 subiectum
2333 883 2468 927 esse
2539 866 2754 948 quivis
2823 886 2998 929 nuno

605 968 784 1034 videt
836 1006 917 1017 -
968 974 1033 1033 et
1079 967 1475 1031 adiectivum
1524 968 1810 1044 ὑπερφυᾶ
1864 973 2281 1050 (monstruosa)
2326 990 2421 1033 vs.
2465 968 2616 1046 611,
2661 991 2784 1053 quo
2822 972 2994 1035 iram

601 1074 896 1138 Ianitoris
968 1076 1178 1158 magis
1248 1076 1449 1138 etiam
1516 1075 1788 1158 instigat
1856 1072 2181 1159 Dionysus
2203 1122 2220 1151 ,
2295 1077 2365 1138 in
2435 1075 2667 1139 bonam
2738 1081 2994 1162 partem

604 1178 892 1262 (effi-eyia)
940 1200 1273 1266 perperam
1321 1183 1674 1264 acceptum.

706 1605 911 1683 Quam
948 1603 1180 1668 ultimo
1220 1603 1359 1669 loco
1397 1605 1639 1690 protuli
1687 1608 2153 1681 coniecturam,
2205 1610 2424 1689 sponte
2470 1625 2543 1669 ea
2586 1626 2693 1669 me
2738 1604 3002 1669 deducit

612 1708 691 1773 ad
731 1708 904 1773 aliud
942 1731 1147 1794 genus
1187 1711 1738 1785 observationum,
1784 1732 1910 1794 quo
1934 1711 2378 1794 Aristophanis
2403 1731 2591 1795 opera
2612 1714 2994 1796 praesertim

607 1815 895 1900 indigere
921 1818 1482 1901 persuasissimum
1506 1817 1729 1881 habeo.
1755 1816 2082 1901 Philologi
2107 1817 2264 1881 dum
2287 1819 2610 1881 comicum
2634 1816 2995 1894 Φιλολόγως

609 1924 916 1997 tractant,
958 1941 1081 1984 non
1121 1924 1274 1985 satis
1316 1928 1397 1969 -'-
1442 1924 1564 1985 nisi
1602 1924 1860 2007 egregie
1901 1920 2092 1987 fallor
2117 1959 2201 1971 --
2231 1943 2480 2006 semper
2513 1927 2815 2007 reputant
2837 1922 2998 2006 quid

609 2028 676 2090 in
715 2047 898 2089 scena
936 2032 1185 2112 agatur.
1227 2026 1431 2092 Verba
1469 2030 1939 2111 verborumque
1981 2028 2222 2113 figuras
2245 2030 2542 2111 ipsasque
2567 2029 2720 2093 adeo
2744 2028 2998 2093 litteras

608 2132 845 2194 rimant
886 2134 1239 2215 pensitant,
1281 2135 1741 2221 grammaticae
1779 2132 2082 2197 historiae
2123 2135 2584 2215 antiquitatum
2628 2154 2744 2217 ope
2784 2154 2995 2197 emen-

610 2235 756 2299 dare
798 2234 901 2299 vel
941 2236 1255 2320 explicare
1294 2237 1586 2313 student,
1617 2275 1702 2286 —
1730 2237 1840 2302 sed
1879 2243 1977 2301 tot
2015 2240 2420 2323 gravissimis
2464 2237 2686 2317 officiis
2712 2238 2992 2303 districti

606 2340 951 2424 interdum·
1004 2340 1070 2403 id
1131 2341 1485 2427 neglegunt
1547 2342 1717 2425 quod
1780 2342 2165 2425 quibusdam
2227 2336 2491 2405 fortasse
2552 2347 2667 2406 aut
2727 2344 2994 2406 minoris

610 2449 925 2510 momenti
985 2454 1097 2510 aut
1156 2450 1352 2511 nimis
1397 2450 1718 2511 incertum
1759 2448 2036 2524 videtur,
2086 2448 2252 2510 mihi
2295 2452 2442 2511 ante
2479 2450 2694 2512 omnia
2727 2437 2994 2512 'videtur

609 2556 1069 2617 necessarium:
1139 2590 1222 2600 —-
1284 2560 1360 2617 ut
1428 2553 1647 2619 vivida
1716 2556 1917 2617 menti
1987 2553 2262 2638 legentis
2336 2555 2710 2617 obversetur
2769 2556 2991 2639 imago

608 2680 823 2722 rerum
870 2679 1028 2743 quae
1076 2665 1378 2744 aguntur,
1427 2664 1492 2723 et
1538 2657 1796 2744 singula
1842 2678 2001 2744 quae
2050 2658 2351 2722 dicuntur
2399 2659 2593 2723 verba
2641 2678 2765 2744 qua
2813 2661 2990 2723 vocis

607 2765 1043 2829 modulat-ione
1106 2766 1182 2829 ab
1249 2766 1567 2829 actoribus
1628 2765 2030 2849 proferantur
2089 2785 2340 2849 quoque
2401 2770 2593 2850 gestu
2664 2767 2990 2849 totiusque

606 2873 884 2954 corporis
928 2875 1108 2934 motu
1157 2871 1375 2936 audire
1422 2877 1487 2935 et
1532 2891 1783 2935 cernere
1833 2871 1956 2934 sibi
1994 2871 2306 2934 videatur.
2357 2868 2462 2934 Sic
2499 2890 2706 2934 errare
2748 2872 2988 2954 poterit

607 2997 753 3039 sane
774 3022 789 3052 ,
836 2979 1037 3040 immo
1092 2976 1343 3041 debebit
1390 2976 1718 3042 interdum
1755 2979 1821 3039 in
1862 2976 2049 3040 rebus
2090 2976 2510 3059 ancipitibus,
2555 2974 2663 3039 sed
2700 2995 2824 3040 non
2867 2976 2991 3038 erit

605 3081 967 3165 periculum
1035 3103 1114 3146 ne
1184 3085 1338 3146 satis
1406 3083 1651 3166 amplos
1723 3082 1894 3146 locos
1957 3086 2070 3144 aut
2135 3101 2467 3164 perperam
2530 3082 2990 3164 interpretetur

609 3192 722 3252 aut
770 3226 853 3236 —
902 3188 1069 3272 quod
1132 3190 1330 3252 etiam
1388 3190 1652 3272 gravius
1699 3193 1794 3253 est
1841 3223 1928 3236 —
1979 3207 2172 3270 quam
2221 3188 2348 3249 sint
2393 3185 2623 3250 festiva
2670 3205 2830 3268 quae
2880 3187 2993 3248 At-

604 3295 810 3357 ticum
878 3297 1125 3379 peperit
1191 3296 1524 3379 ingenium
1598 3313 1830 3378 parum
1899 3295 2132 3358 sentiat
2150 3313 2166 3370 ;
2239 3313 2390 3356 nam
2461 3294 2794 3356 vivent-em
2865 3291 2990 3356 sibi

604 3399 863 3464 habebit
933 3401 1428 3484 Aristophanem
1498 3419 1703 3482 neque
1777 3420 1995 3463 vereor
2063 3418 2143 3461 ne
2205 3419 2332 3462 non
2396 3401 2570 3462 amet
2629 3400 2984 3462 viventem.

606 3501 833 3586 Iniqua
876 3498 952 3567 de
990 3506 1245 3569 su'mmo
1286 3506 1527 3568 comico
1567 3524 1716 3568 cum
1752 3501 1904 3589 lego
1941 3504 2214 3582 iudicia,
2255 3503 2440 3587 quale
2477 3502 2642 3567 illud
2673 3508 2779 3568 'est
2818 3502 2987 3587 quod

604 3609 707 3672 his
745 3612 922 3672 annis
956 3612 1023 3672 in
1058 3610 1415 3686 Britannia,
1452 3610 1714 3674 fortasse
1750 3611 1946 3673 etiam
1982 3609 2138 3674 alibi
2173 3609 2470 3673 auditum
2497 3614 2620 3673 est:
2660 3608 2986 3685 „dicacem

609 3713 801 3778 fuisse
861 3715 1192 3779 hominem
1254 3736 1367 3779 nec
1429 3715 1793 3791 inficetum,
1859 3715 1969 3778 sed
2031 3720 2166 3779 tam
2232 3714 2598 3800 malignum
2657 3713 2986 3797 Euripidis

603 3818 1004 3904 aliorumque
1044 3823 1332 3885 virorum
1372 3820 1738 3904 aequalium
1777 3842 2096 3886 censorem
2118 3869 2132 3896 ,
2173 3826 2311 3884 tam
2347 3823 2728 3904 imperitum
2766 3841 2986 3884 rerum

602 3945 915 3988 novarum
960 3924 1237 3990 iudicem
1260 3974 1276 4003 ,
1318 3946 1699 4009 spurcorum
1738 3927 2023 3990 iocorum
2064 3931 2387 4009 praeterea
2425 3928 2980 4001 amantissimum,

602 4035 676 4093 ut
744 4031 929 4093 bonis
1001 4033 1204 4114 poetis
1276 4032 1681 4095 annumerari
1746 4032 1857 4094 vix
1922 4031 2180 4114 queat'',
2233 4067 2316 4079 --
2368 4029 2523 4093 talia
2583 4051 2733 4094 cum
2795 4029 2981 4115 lege,

603 4135 986 4199 stomachari
1032 4137 1293 4199 fortasse
1339 4138 1605 4220 incipio,
1664 4135 1771 4199 sed
1795 4139 1972 4199 'mox
2018 4138 2310 4200 misereri
2357 4136 2532 4199 subit
2574 4137 2868 4200 virorum
2913 4137 2986 4198 in

600 4243 797 4304 tantis
861 4243 1177 4305 doctrinae
1243 4244 1438 4324 copiis
1502 4249 1638 4306 tam
1700 4244 1969 4324 inopum
2015 4242 2264 4326 ingenii
2312 4263 2391 4305 an
2437 4239 2686 4305 consilii
2735 4240 2983 4318 dicam,

604 4352 679 4410 ut
723 4349 849 4430 ipsi
896 4346 1055 4410 sales
1103 4346 1306 4409 Attici
1350 4346 1580 4410 insulsi
1626 4349 1708 4410 iis
1755 4345 2113 4409 videantur.

695 4451 815 4516 Sed
878 4451 1033 4536 quid
1097 4452 1217 4515 tibi
1278 4453 1432 4516 haec
1493 4473 1712 4528 narrO,
1780 4471 1973 4535 quem
2036 4457 2101 4516 et
2165 4451 2445 4518 Cobetus
2515 4451 2671 4518 olim
2733 4457 2795 4516 et
2843 4453 2987 4536 ipsa
