3351 5463
699 365 742 428 2
1767 379 1999 428 mvms.

699 547 792 610 ita
851 546 1167 610 decemviri
1227 529 1575 623 serrassent,
1641 553 1709 608 ut
1770 568 1927 608 unue
1953 548 2171 630 fasces
2219 547 2475 610 haberet.
2529 545 2587 611 1.
2618 546 2725 610 43.
2756 546 2795 610 3
2842 549 2915 610 ab
2962 549 3078 612 Ro-

645 689 650 692 ·
700 653 856 716 muto
895 651 1186 715 traditum
1222 652 1402 715 ceteri
1432 659 1747 714 servarunt
1787 674 1968 732 reyes.
2012 689 2097 700 -—-
2143 649 2578 729 „Observare”
2619 653 2683 716 h.
2712 674 2766 718 e.
2807 675 2839 716 r
2855 657 2995 718 atu
3011 676 3077 718 m

699 758 1025 835 habere,
1094 779 1250 822 non
1311 757 1764 844 negligere
1824 756 1899 821 de
1962 779 2139 822 more
2202 778 2371 821 nunc
2432 761 2720 842 primum
2778 761 3078 825 instituto

699 885 825 928 non
870 865 1185 928 convenit.
1238 861 1334 928 Of.
1388 862 1446 926 1.
1476 861 1583 926 43.
1614 862 1652 926 3
1700 864 1770 925 ab
1808 863 2060 925 Romulo
2102 862 2391 925 traditum
2429 863 2610 926 ceteri
2634 845 3082 928 observaverant

700 992 862 1051 reyes
876 998 906 1046 ,·
956 970 1017 1034 3.
1045 969 1154 1034 21.
1182 969 1223 1035 8
1267 992 1330 1033 ee
1380 968 1452 1032 id
1495 969 1851 1054 suffra-qium
1896 991 2014 1032 non
2059 970 2483 1033 observaturos.
2574 1049 2589 1064 .

791 1209 844 1253 c.
895 1185 954 1254 ¹7.
987 1186 1090 1251 10.
1154 1187 1284 1267 Eyo
1344 1185 1400 1252 ei
1459 1187 1528 1250 in
1587 1187 1727 1268 ipsa
1785 1209 1921 1250 aree
1990 1187 2402 1272 Capitolioque
2475 1188 2804 1252 habitarem
2821 1239 2837 1272 ,
2901 1189 3081 1253 metui

698 1317 788 1357 me
856 1296 1147 1357 crederem
1203 1315 1382 1375 posse
1442 1315 1482 1355 a
1545 1293 1772 1356 civibue
1833 1293 2029 1355 meis?
2086 1300 2236 1356 tam
2293 1294 2462 1356 tevi
2519 1302 2892 1358 momento
2953 1318 3081 1358 mea

701 1401 870 1481 apud
913 1421 1013 1462 vos
1042 1400 1237 1484 fama
1269 1397 1542 1480 pendet?

790 1503 852 1569 N
854 1526 934 1569 on
995 1507 1084 1569 sic
1137 1504 1402 1569 Livium
1449 1505 1774 1589 scripsisse
1821 1505 2061 1588 opinor,
2112 1504 2223 1569 sed
2272 1527 2303 1567 e
2349 1505 2453 1569 vel
2500 1528 2530 1567 e
2549 1528 2590 1567 a
2636 1512 2756 1568 tam
2804 1507 2923 1569 tevi
2969 1529 3083 1570 mo-

699 1618 910 1674 mento.
975 1609 1099 1674 Vix
1159 1613 1355 1675 etiam
1401 1615 1622 1695 poetae
1670 1612 1985 1674 omittunt
2032 1612 2603 1695 praepositionem,
2654 1614 2754 1675 uti
2802 1611 3083 1698 Vergi-

698 1715 871 1780 lius
933 1719 1002 1779 in
1060 1717 1216 1801 Aen.
1282 1715 1347 1780 2.
1377 1714 1507 1778 546
1573 1716 1711 1794 (ubi
1772 1720 1987 1779 tamen
2048 1715 2407 1800 Wagnerus
2469 1715 2705 1800 aliique
2752 1738 2824 1778 ea
2866 1739 3083 1780 summo
3170 1759 3176 1763 -

698 1843 812 1906 pro
875 1828 933 1884 et
991 1828 1256 1900 summo).
1319 1820 1681 1900 Quominus
1746 1828 1964 1885 autem
2011 1821 2130 1883 levi
2175 1828 2454 1884 momento
2502 1821 2859 1886 ablativum
2908 1824 3084 1888 modi

697 1933 1166 2011 repraesentare
1236 1925 1566 1991 credamus
1585 1975 1601 2004 ‚
1666 1932 1845 1992 vetat
1902 1929 2079 1991 vocis
2141 1925 2522 2011 significatio
2542 1975 2559 2003 ‚
2623 1947 2773 1992 nam
2839 1928 3084 1993 indicat

698 2035 1048 2097 motionem
1096 2031 1204 2097 vel
1249 2053 1507 2096 causam
1555 2040 1962 2097 auctoremve
2023 2034 2323 2096 motionis
2341 2079 2357 2108 ‚
2424 2034 2559 2097 sive
2621 2053 2720 2097 res
2783 2038 2880 2097 est
2944 2037 3083 2100 sive

697 2160 996 2224 persona,
1062 2160 1223 2222 quae
1289 2125 1548 2204 moveat
1611 2137 1881 2222 ideoque
1952 2143 2164 2201 mutet
2234 2136 2520 2220 aliquam
2589 2160 2806 2203 rerum
2874 2138 3083 2204 condi-

697 2247 963 2308 cionem.
1044 2243 1261 2308 Veluti
1321 2243 1428 2308 24.
1457 2242 1564 2310 34.
1591 2243 1633 2308 2
1692 2243 2070 2306 Archimedes
2136 2290 2195 2306 ..
2228 2290 2241 2305 .
2304 2243 2577 2306 inventor
2628 2291 2641 2306 .
2674 2291 2687 2307 .
2720 2292 2733 2306 .
2801 2267 3039 2326 operum
3061 2294 3079 2322 ,

697 2349 908 2434 quibus
928 2397 944 2424 ‚
1008 2351 1064 2411 si
1125 2349 1275 2433 quid
1316 2351 1510 2412 hostes
1554 2348 1788 2429 inqenti
1833 2337 1983 2410 mole
2029 2354 2270 2427 afferent
2290 2393 2306 2424 ‚
2352 2347 2484 2429 ipse
2516 2349 2758 2428 perlevi
2799 2357 3082 2414 momento

697 2449 1136 2536 ludificaretur.
1203 2453 1264 2517 3.
1297 2454 1398 2518 12.
1429 2454 1468 2517 6
1530 2455 1825 2535 eqreqium
1887 2453 2154 2516 iuvenem
2204 2499 2219 2516 .
2249 2502 2263 2517 .
2296 2500 2309 2515 .
2357 2454 2673 2517 maa-imum
2732 2463 3078 2518 momentum

697 2582 893 2623 rerum
956 2559 1084 2622 eius
1143 2559 1429 2624 civitatis.
1483 2559 1592 2624 28.
1618 2557 1727 2624 27.
1762 2558 1871 2622 10·
1911 2580 2181 2638 maynum
2226 2558 2296 2620 in
2341 2558 2539 2620 omnia
2584 2567 2929 2622 momentum
2978 2562 3081 2644 Sy-

683 2667 877 2748 phax.
952 2664 1012 2729 3.
1056 2664 1161 2729 63.
1209 2664 1243 2728 1
1319 2665 1506 2729 locum
1523 2713 1539 2743 ‚
1614 2687 1687 2728 eat
1754 2687 1866 2749 quo
1940 2669 2235 2726 cesserant
2300 2670 2611 2744 repetunt,
2684 2673 3081 2751 momentoque

697 2778 802 2852 (=
826 2775 1106 2837 motione
1148 2777 1246 2851 ea)
1305 2794 1423 2834 non
1486 2769 1767 2833 restituta
1828 2772 1992 2833 modo
2043 2792 2257 2850 puqna
2272 2816 2289 2845 ,
2353 2771 2460 2831 sed
2516 2770 2851 2833 incbinatur
2899 2774 3081 2834 etiam

696 2878 935 2941 Sabinis
1002 2899 1203 2941 cornu.
1269 2876 1331 2940 4.
1363 2876 1466 2940 12.
1496 2874 1534 2939 9
1605 2876 1711 2959 qui
1774 2898 1902 2937 cum
1968 2923 1981 2938 .
2016 2922 2027 2938 .
2057 2924 2071 2938 .
2137 2874 2531 2953 leyationibus
2593 2882 2755 2939 terra
2813 2877 3082 2961 marique

695 2984 891 3046 missis
932 3031 946 3046 .
978 3029 991 3045 .
1024 3030 1038 3045 .
1079 2982 1312 3044 nutbum
1348 2987 1693 3044 momentum
1717 2982 2195 3059 (mutationem)
2222 3002 2495 3043 annonae
2500 2977 2781 3065 fecisset.
2812 2980 2871 3045 5.
2901 2981 3008 3045 49.
3038 2982 3077 3046 5

683 3072 884 3170 primo
947 3110 1231 3151 concursu
1290 3089 1457 3150 haud
1515 3086 1741 3149 maiore
1802 3093 2079 3149 momento
2125 3087 2279 3170 fusi
2336 3086 2507 3148 Galli
2555 3094 2696 3149 eunt
2712 3135 2727 3162 ,
2779 3110 2952 3171 quam
2998 3090 3083 3151 ad

696 3195 900 3259 Abiam
959 3193 1260 3271 vicerant,
1326 3196 1439 3277 qui
1502 3191 1719 3268 locus,
1784 3198 1859 3257 ut
1920 3192 2029 3257 21.
2058 3190 2164 3255 43.
2199 3191 2277 3255 11
2343 3213 2522 3273 saepe
2587 3241 2602 3256 .
2633 3240 2647 3255 .
2680 3240 2694 3255 .
2759 3200 2817 3255 et
2875 3193 3081 3257 incliti

683 3302 908 3385 populi
966 3322 1242 3384 reyeeque
1288 3299 1528 3381 perlevi
1589 3306 1872 3362 momento
1934 3297 2083 3361 victi
2139 3305 2280 3361 eunt
2300 3346 2316 3373 ,
2380 3297 2736 3361 declaratur
2783 3297 3080 3384 exemplo

693 3410 761 3472 in
823 3407 930 3493 23.
959 3406 1066 3471 24.
1098 3402 1135 3471 '7
1199 3405 1361 3468 circa
1423 3404 1580 3467 viam
1633 3404 1806 3467 Galli
1853 3405 2089 3466 arbores
2134 3404 2226 3466 ita
2270 3403 2649 3480 inciderunt,
2698 3411 2766 3466 ut
2810 3404 3081 3468 immotae

692 3520 956 3589 starent,
1020 3518 1298 3575 momento
1362 3510 1482 3573 levi
1541 3510 1835 3591 impulsae
1880 3510 2214 3573 occiderent
2258 3508 2429 3593 (lege
2476 3509 2898 3589 conciderent),
2947 3513 2991 3575 i.
3019 3532 3073 3575 e.

693 3618 826 3683 levi
869 3620 1184 3682 virium
1223 3617 1727 3691 intentione.
1784 3614 1961 3678 Adde
2006 3611 2137 3680 Cic.
2180 3616 2256 3678 de
2298 3614 2429 3680 div.
2461 3614 2518 3677 l.
2553 3613 2679 3679 118
2705 3618 2918 3698 parvis
2944 3637 3077 3681 mo-

693 3726 930 3788 mentis
975 3721 1184 3786 multa
1229 3727 1458 3785 natura
1504 3727 1719 3785 mutat
1758 3726 1822 3786 et
1859 3719 2031 3785 Phil.
2078 3720 2139 3783 5.
2168 3719 2255 3785 26
2298 3722 2587 3783 minimis
2626 3741 2713 3784 m.
2757 3724 3074 3787 maximae

691 3829 1136 3895 inclinationes
1185 3833 1554 3911 temporum
1600 3826 1784 3889 fiunt.

783 3936 997 4020 Rogat
1040 3937 1248 4020 igitur
1293 3954 1453 3997 num
1498 3933 1669 3997 fama
1716 3953 1831 3996 sua
1870 3932 2138 4015 pendeat
2185 3953 2264 3996 ex
2312 3936 2445 3994 tam
2491 3930 2624 3995 levi
2663 3952 2871 4009 causa,
2912 3953 3075 4017 quae

693 4047 904 4106 mutet
951 4062 1174 4105 eorum
1223 4042 1490 4105 animoa
2086 4040 2093 4046 '

783 4267 834 4309 c.
905 4244 1006 4309 12.
1035 4244 1096 4308 2.
1170 4245 1546 4328 Sedendoque
1619 4250 2093 4324 expuqnaturum
2154 4264 2216 4303 ee
2275 4240 2474 4303 urbem
2532 4263 2689 4321 spem
2769 4238 3072 4304 Porsinna

689 4352 938 4414 habebat
954 4399 971 4428 ,
1035 4374 1162 4413 cum
1225 4350 1505 4425 Mucius,
1569 4350 1909 4411 adolescens
1956 4346 2174 4410 nobibis
2189 4396 2206 4425 ,
2255 4347 2355 4409 cui
2398 4348 2713 4428 indiqnum
2758 4347 3073 4409 videbatur

676 4458 973 4539 populum
1041 4458 1372 4520 Romanum
1438 4455 1786 4519 servientem
1803 4502 1820 4531 ‚
1894 4463 2071 4531 <cum
2134 4454 2239 4515 cub
2307 4453 2543 4534 reqibue
2604 4460 2834 4531 e88et,>
2900 4453 3070 4517 nullo
