3351 5463
727 298 873 365 424
1425 315 1514 366 nn
1561 314 1898 367 ommim
1940 310 2407 367 nomannorum

728 481 1074 567 rhapsodos
1099 484 1382 547 carmina
1403 480 1749 548 Homerica
1770 484 1943 547 iusto
1968 483 2186 547 ordine
2210 483 2501 567 deinceps
2529 519 2614 532 —-
2641 481 2709 559 ἐξ
2732 482 3121 561 ὑπολήψεως,

729 588 955 668 ἑφεξῆς
1021 624 1105 635 -
1169 590 1236 651 in
1297 572 1760 653 Panathenaeis
1820 590 2085 653 recitare
2106 635 2121 665 ‚
2181 591 2250 651 in
2313 593 2618 672 promptu
2684 594 2821 653 'erat
2866 609 3125 654 sumere

725 698 910 758 antea
957 695 1314 778 promiscue
1362 693 1558 760 fuisse
1605 696 1896 770 recitata,
1950 692 2223 775 ᾀδόμενοι
2265 693 2591 771 σποράδην,
2634 698 2710 757 ut
2750 698 2846 758 est
2882 697 2955 758 in
2998 697 3128 779 epi-

723 804 1086 885 grammate
1102 820 1119 877 ;
1167 798 1311 864 inde
1359 805 1575 864 autem
1621 798 1930 864 facillime
1970 820 2192 863 rursus
2230 798 2619 863 efficiebatur
2646 797 2696 879 1)
2735 821 2814 865 ne
2852 798 3127 865 collecta

727 904 987 990 quidem
1049 910 1235 969 antea
1295 892 1492 968 fuisse
1551 906 1620 967 in
1682 924 1890 969 unum
1936 925 2184 989 corpus.
2236 901 2529 988 Cumque
2580 902 2835 968 aliunde
2883 900 3123 969 notrim

727 1014 893 1075 esset
929 1030 966 1075 a
1004 1010 1341 1074 Pisistrato
1381 1009 1823 1074 Panathenaea
1865 1029 2100 1095 magna
2140 1030 2276 1074 esse
2300 1012 2602 1093 instituta
2624 1008 2728 1074 vel
2751 1030 2919 1075 novo
2947 1013 3122 1074 certe

730 1114 1062 1201 splendore
1100 1116 1412 1179 instructa
1437 1113 1511 1195 ⁸)3
1553 1115 1924 1179 mirandum
1961 1137 2089 1180 non
2129 1120 2226 1180 est
2250 1113 2689 1179 collectionem
2714 1135 2966 1200 quoque
2995 1135 3129 1179 car-

729 1222 984 1286 minum
1020 1220 1513 1286 Homericorum
1530 1268 1547 1297 ,
1589 1223 1726 1285 sine
1764 1241 1889 1306 qua
1926 1241 2005 1284 ne
2044 1224 2338 1305 poterant
2376 1220 2638 1305 quidem
2676 1223 2849 1285 iusto
2900 1219 3127 1287 ordine

727 1328 982 1392 recitari
1001 1375 1017 1404 ‚
1073 1325 1176 1390 illi
1231 1347 1368 1391 esse
1421 1326 1825 1412 adscriptam.
1889 1325 2070 1390 Adde
2116 1326 2282 1410 quod
2327 1328 2667 1411 scriptores
2711 1325 3129 1412 Megarenses

729 1431 1188 1496 contendebant
1224 1430 1562 1497 nonnullos
1605 1451 1829 1499 versus
1860 1451 1898 1495 a
1935 1431 2275 1495 Pisistrato
2316 1452 2450 1496 esse
2487 1430 2924 1516 interpolatos,
2958 1450 3126 1516 quae

727 1539 866 1622 ipsa
902 1558 1002 1601 res
1039 1536 1318 1621 aliquam
1356 1537 1684 1601 Pisistrati
1722 1557 1943 1602 curam
1982 1538 2051 1601 in
2073 1536 2356 1602 Homero
2381 1535 2759 1602 collocatam
2782 1537 3127 1602 videbatur

726 1641 1011 1727 prodere.
1054 1641 1343 1727 Denique
1383 1663 1534 1706 cum
1575 1664 1609 1708 e
1647 1641 1787 1708 loco
1827 1642 2138 1708 Herodoti
2176 1641 2314 1706 VII.
2360 1642 2399 1707 6
2445 1663 2745 1727 apparere
2781 1643 3123 1708 videretur

727 1746 1279 1812 Pisistratidarum
1317 1749 1499 1812 iussu
1535 1748 1614 1813 ab
1638 1745 2044 1813 Onomacrito
2068 1746 2332 1813 collecta
2356 1750 2511 1813 etin
2537 1748 2827 1813 ordinem
2860 1748 3117 1813 redacta

730 1872 862 1917 esse
919 1853 1199 1916 carmina
1245 1851 1520 1938 Orphica
1547 1851 1598 1933 ³)
1615 1900 1632 1931 ,
1682 1851 1849 1917 nihil
1894 1854 2140 1939 negotii
2183 1858 2320 1917 erat
2367 1855 2676 1938 suspicari
2723 1853 3121 1918 Onomacriti

727 1977 980 2042 quoque
1023 1977 1212 2041 opera
1249 1959 1316 2022 in
1353 1956 1719 2022 ordinandis
1757 1957 2121 2023 Homericis
2160 1979 2356 2022 usum
2384 1954 2814 2023 'Pisistratum
2833 2006 2849 2037 ,
2890 1946 3120 2043 illique

734 2061 1081 2148 adiungere
1144 2062 1300 2127 alios
1363 2064 1536 2129 viros
1554 2110 1570 2140 ‚
1637 2064 1750 2148 qui
1806 2052 1975 2128 inter
2025 2062 2451 2147 Orphicorum
2497 2065 2879 2149 interpretes
2928 2063 3119 2143 habe-

729 2168 963 2233 bantur
987 2165 1058 2248 4).
1098 2166 1322 2254 Itaque
1358 2189 1484 2233 non
1522 2188 1684 2253 opus
1723 2168 1982 2234 videtur
2018 2168 2187 2253 quod
2226 2169 2376 2233 facit
2412 2167 2609 2233 Flach
2625 2216 2641 2246 ‚
2677 2173 2754 2233 ut
2778 2188 3113 2233 sumamus

729 2271 1160 2358 Pergamenos
1195 2272 1342 2338 illos
1379 2272 1765 2340 litteratores
1784 2324 1799 2353 ,
1842 2274 2075 2360 quibus
2116 2276 2515 2360 epigramma
2554 2273 2630 2337 de
2668 2271 3008 2338 Pisistrato
3052 2278 3115 2337 et

725 2380 958 2442 notitia
1009 2376 1126 2443 illa
1172 2378 1250 2443 de
1297 2376 1705 2445 Onomacrito
1751 2383 2100 2464 ceterisque
2145 2379 2473 2451 debentur,
2524 2377 2784 2443 finxisse
2840 2378 2995 2443 haec
3041 2382 3117 2441 ut

727 2482 1152 2548 obtrectarent
1198 2486 1666 2550 existimationi
1709 2484 2302 2549 Alexandrinorum.
2351 2476 2427 2540 In
2471 2478 2725 2560 quibus·
2754 2483 2913 2564 quid
2960 2482 3113 2547 adeo

730 2586 1017 2653 dedecori
1093 2608 1228 2654 esse
1287 2588 1736 2655 Alexandrinis
1797 2586 2009 2670 potuit
2046 2580 2143 2662 ⁵)?
2224 2581 2323 2647 Ne
2391 2582 2512 2647 hoc
2581 2582 2843 2667 quidem
2912 2586 3114 2651 ullius

727 2696 1044 2760 momenti
1111 2694 1278 2762 mihi
1351 2695 1626 2772 videtur,
1701 2690 1867 2777 quod
1926 2688 2063 2755 sive
2125 2707 2163 2754 a
2228 2685 2609 2776 Cordylione
2672 2690 2811 2756 sive
2858 2690 2936 2756 ab
2986 2691 3113 2759 alio

727 2798 942 2886 aliquo
994 2820 1124 2866 non
1172 2805 1452 2867 carmina
1496 2798 1872 2871 Homerica,
1920 2815 2081 2880 quae
2126 2815 2297 2859 nunc
2344 2794 2661 2875 dicuntur,
2709 2795 2819 2860 sed
2866 2793 3109 2883 Cyclus

725 2889 992 2992 Epicus’
1024 2927 1061 2972 a
1124 2907 1461 2974 Pisistrato
1523 2902 1824 2969 collectus
1869 2899 2126 2967 dicitur.
2172 2901 2344 2966 Nam
2391 2923 2541 2967 cum
2584 2901 2741 2967 olim
2766 2951 2782 2982 ,
2826 2902 2895 2968 id
2944 2903 3113 2988 quod

794 3197 852 3266 1)
889 3199 950 3248 In
986 3198 1330 3263 epigrammate
1362 3192 1566 3257 legitur:
1602 3187 1657 3250 ὃς
1691 3191 1779 3241 ἰ-ὅν
1812 3188 2031 3255 (Όμηρον
2063 3187 2264 3256 ἤδροισοι
2299 3186 2544 3254 σποράδην
2578 3191 2641 3242 τὸ
2673 3190 2783 3255 πρὶν
2814 3187 3103 3254 ἀειδόμενον.

725 3279 854 3345 Ergo
904 3280 989 3345 qui
1037 3279 1332 3343 epigramma
1393 3274 1597 3324 confecit
1660 3275 1722 3323 τὸ
1782 3270 2073 3338 ἐσποὲρμένοι
2131 3271 2254 3326 εἶναι
2316 3274 2550 3325 inferebat
2622 3271 2678 3324 ἐκ
2722 3277 2814 3323 τοῦ
2864 3272 3105 3338 σποράδην

727 3359 996 3411 ἀείδω-θαι.

795 3445 849 3508 2)
885 3444 956 3492 ct.
996 3441 1186 3492 Busolt.
1221 3439 1293 3489 1.1.
1329 3455 1378 3504 p.
1414 3439 1529 3488 244.

794 3525 850 3590 8)
895 3524 1009 3572 Non
1059 3523 1260 3571 totidem
1310 3520 1429 3570 dicit
1473 3519 1630 3570 verbis
1679 3521 1956 3571 Herodotus
2003 3521 2249 3571 Pisistrati
2283 3521 2359 3571 vel
2393 3519 2667 3586 Hipparchi
2700 3518 2832 3570 iussu
2865 3518 2915 3567 id
2947 3518 3103 3568 fecisse

726 3605 1104 3655 Onomacritum.
1140 3604 1232 3653 Sed
1265 3619 1375 3652 cum
1408 3603 1460 3652 in
1493 3602 1800 3667 sequentibus
1836 3605 2001 3653 narret
2035 3603 2401 3652 Onomacritum
2434 3618 2542 3652 cum
2579 3601 2767 3650 Musaei
2800 3601 3009 3650 carmina
3034 3602 3099 3650 vi·

724 3687 867 3736 tiasse
901 3687 1185 3749 argueretur
1218 3684 1277 3734 ab
1311 3685 1594 3751 Hipparcho
1629 3700 1729 3733 esse
1766 3685 2057 3749 relegatum,
2091 3685 2255 3750 putari
2288 3687 2447 3750 potest
2482 3685 2532 3733 id
2563 3688 2725 3734 tamen
2755 3683 2973 3733 voluisse.

794 3769 850 3827 4)
884 3766 958 3816 cf.
994 3767 1110 3816 Bus.
1143 3758 1216 3816 1.1.‘
1250 3783 1296 3832 p.
1335 3767 1432 3815 864
1467 3782 1576 3817 ann.
1615 3768 1661 3816 1.

796 3848 850 3910 5)
884 3863 932 3912 p.
966 3848 1031 3897 25
1049 3863 1150 3911 sqq.
1185 3847 1352 3909 Lehrs,
1379 3863 1522 3913 quem
1559 3848 1725 3897 laudat
1758 3847 1920 3907 Flach,
1955 3847 2071 3897 satis
2104 3847 2247 3897 habet
2275 3846 2513 3898 monuisse
2543 3846 2615 3896 l.l.
2648 3863 2695 3911 p.
2721 3848 2818 3897 445
2854 3861 2994 3897 »man
3020 3861 3103 3912 τος

628 3924 637 3933 “
725 3928 963 3977 Parallele
1008 3928 1100 3978 mit
1145 3928 1253 3979 dem
1296 3944 1389 3978 was
1436 3933 1578 3978 unter
1612 3931 1705 3978 den
1738 3929 2045 3978 Ptolemaeiin
2081 3929 2285 3994 geschah
2320 3929 2416 3977 und
2450 3929 2715 3993 geschehen
2748 3925 2896 3989 καθ’,
2927 3931 2976 3977 et
3009 3928 3103 3976 tere

724 4010 890 4058 eodem
923 4009 1065 4059 modo
1099 4010 1397 4060 vWilamow.
1433 4011 1502 4060 l.l.
1540 4028 1587 4077 p.
1623 4012 1739 4061 254.
1777 4012 1869 4060 Sed
1904 4015 1961 4060 ut
1994 4011 2253 4061 verisimile
2286 4010 2377 4072 sit,
2408 4011 2534 4074 quod
2564 4025 2659 4059 non
2688 4025 2834 4073 nego,
2866 4009 3103 4059 Pisistrati

722 4089 814 4140 sibi
846 4091 1102 4155 imaginem
1134 4092 1415 4142 informasse
1449 4094 1771 4158 Pergamenos
1806 4095 1866 4143 ad
1900 4095 2168 4160 exemplum
2202 4110 2312 4144 suae
2342 4092 2513 4142 aetatis
2541 4091 2840 4157 principum,
2869 4106 2965 4140 non
2992 4107 3102 4156 opus

721 4178 829 4223 erat
863 4173 1024 4223 oculos
1054 4175 1268 4224 conicere
1300 4173 1354 4224 in
1389 4165 1689 4241 Aegyptum,
1722 4192 1835 4227 cum
1868 4180 2059 4242 praesto
2089 4179 2243 4226 essent
2271 4174 2426 4225 Attali
2455 4177 2504 4223 et
2532 4174 2767 4224 Eumenes
2792 4171 3103 4235 φιλόμουσοι.

721 4279 793 4294 -
825 4255 1003 4307 Eodem
1035 4259 1246 4322 pertinet
1278 4259 1404 4322 quod
1439 4261 1666 4308 narratur
1702 4259 1759 4307 de
1798 4258 2046 4309 Pisistrati
2080 4257 2366 4308 bibliotheca
2398 4257 2459 4307 c1'.
2497 4255 2642 4305 Flach
2675 4271 2723 4319 p.
2742 4255 2827 4304 25.
2866 4283 2930 4292 --
2965 4254 3100 4304 Aliud

719 4341 794 4386 est
843 4339 970 4402 quod
1021 4340 1174 4391 tradit
1224 4339 1411 4390 Plinius
1455 4339 1569 4390 hist.
1616 4343 1716 4390 nat.
1766 4339 1914 4390 XIII.
1963 4341 2023 4389 11
2070 4340 2273 4388 vetuisse
2310 4339 2609 4388 Ptolemaeos
2644 4335 2887 4402 exportari
2920 4335 3098 4386 chartas

723 4433 1025 4485 papyraceas.

3284 1151 3286 1259 l

3284 1262 3286 1353 4
