3351 5463
1012 409 1223 463 comm
1268 407 1501 462 Arnum
1546 407 2038 464 nonmnmms.
2581 389 2716 463 221

319 602 517 662 puero
544 580 949 662 pusilbiorem.
994 579 1307 646 Obseruat
1324 627 1341 656 ‚
1382 579 1449 644 id
1474 579 1798 664 quodiam
1823 579 2189 644 obseruarat
2217 579 2721 665 Oudendorpius‚

332 707 415 751 ex
478 687 776 751 omnibus
837 707 989 750 mss.
1047 684 1259 750 solum
1322 684 1801 749 Doruillianum
1846 685 1963 750 hoc
2011 684 2152 750 loco
2201 688 2526 751 concinere
2573 707 2723 750 cum

330 792 655 872 Fulqentio
674 839 690 869 ,
755 791 976 856 sedulo
1039 790 1275 875 Apulei
1336 790 1569 856 lectore
1590 837 1605 865 ,
1677 792 1788 873 qui
1846 793 1916 853 in
1979 791 2374 872 Expositum
2434 791 2726 854 Sermonis

328 898 575 981 antiqui
612 897 785 961 hunc
828 896 1047 961 locum
1088 899 1183 960 ita
1222 898 1409 960 citat:
1452 895 1663 979 quouis
1691 917 1888 976 puero
1909 896 2316 978 jeremiam-em,
2344 903 2400 959 et
2423 897 2727 959 cucurbita

319 1003 705 1084 qlabriorem.
753 1001 1117 1088 Interrogata
1154 1001 1495 1078 Rossbach,
1539 1000 1796 1064 credens
1833 1003 1904 1064 in
1935 1001 2066 1066 solo
2092 985 2403 1066 uocabulo
2429 1001 2724 1087 ‘glabrio-

326 1109 487 1173 rem'
551 1107 933 1189 quentium
978 1111 1042 1172 et
1086 1106 1541 1170 Dvruillianum
1588 1123 1968 1192 congruere:
2020 1109 2120 1184 „si
2168 1113 2386 1171 autem
2434 1110 2580 1191 quis
2634 1143 2720 1156 —-

326 1213 672 1279 contendat
731 1213 965 1278 codicis
1028 1213 1060 1278 δ
1114 1211 1452 1276 librarium
1494 1212 1856 1292 ⁸qlabriomm
1900 1232 1936 1276 a
1983 1211 2331 1297 Fulgentio
2377 1214 2684 1297 petiuisse
2703 1259 2720 1290 ,

328 1318 559 1402 quidni
620 1321 819 1382 etiam
866 1317 1253 1400 pumibiorem
1271 1364 1285 1392 ,
1351 1337 1511 1401 quae
1572 1319 1888 1401 scriptura
1950 1315 2139 1380 ualde
2185 1317 2421 1381 arridet
2471 1322 2536 1383 et
2581 1317 2721 1382 fieri

328 1428 543 1508 potest
613 1427 691 1486 ut
756 1425 1039 1508 genuina
1109 1424 1227 1499 sit,
1300 1443 1415 1507 pro
1475 1422 1893 1503 pussilliorem
1961 1425 2178 1507 posuit
2194 1419 2262 1486 P’
2341 1423 2430 1486 At
2498 1443 2720 1487 reuera

328 1529 539 1593 scriba
605 1528 638 1591 δ
701 1527 887 1606 fecit,
956 1515 1157 1612 quod'
1192 1527 1394 1592 credit
1454 1526 1782 1591 Rossbach
1847 1548 1998 1591 eum
2045 1548 2171 1591 non
2217 1527 2455 1591 fecisse.
2529 1526 2721 1612 Legit

328 1635 505 1698 enim
571 1633 606 1696 δ
667 1637 755 1717 (p.
808 1631 889 1696 31
940 1638 1076 1712 u⁰):
1142 1638 1207 1695 at
1271 1653 1373 1712 eqo
1436 1632 1653 1696 misera
1702 1631 1972 1713 primum
2021 1639 2208 1713 patre
2269 1654 2392 1696 meo
2435 1633 2720 1696 seniorem

330 1739 615 1802 maritum
673 1738 890 1802 sortita
951 1760 1079 1801 eum
1097 1785 1113 1815 ,
1180 1737 1322 1800 dein
1384 1737 1690 1800 cucurbita
1744 1737 2102 1817 ,qlabriorem
2167 1745 2224 1800 et
2282 1737 2494 1822 quouis
2527 1759 2722 1819 puero

318 1845 727 1926 pumiliorem.

424 1949 575 2016 Solo
632 1952 841 2036 igitur
902 1950 1249 2014 uerborum
1308 1949 1526 2014 ordine
1594 1947 1806 2014 differt·
1862 1950 1895 2013 δ
1945 1969 1982 2014 a
2032 1948 2246 2014 uerbis
2294 1969 2331 2013 a
2375 1948 2722 2036 Fulgentio

330 2060 567 2124 citatis.
622 2057 744 2121 Est
788 2059 997 2143 igitur
1033 2055 1321 2122 multum
1359 2057 1499 2120 ueri
1535 2055 1747 2120 simile
1767 2103 1783 2133 ‚
1841 2058 2060 2120 uirum
2100 2054 2416 2140 quendam
2457 2055 2721 2121 doctum

332 2163 763 2250 Fulgentiana
822 2165 892 2226 in
953 2161 1304 2248 Apuleium
1358 2161 1675 2226 intulisse.
1724 2161 2058 2226 Praeterea
2103 2182 2362 2247 prorsus
2408 2183 2536 2227 non
2581 2184 2724 2228 con-

334 2273 467 2334 stat
503 2269 701 2334 uerba
740 2266 1067 2354 Fulgentii
1103 2289 1327 2334 ueram
1370 2273 1433 2332 et
1472 2270 1786 2332 sinceram
1825 2267 2061 2352 Apulei
2099 2287 2369 2332 manum
2400 2268 2720 2352 praebere.

336 2373 511 2440 Solet
557 2375 732 2439 enim
778 2373 1161 2462 Fulgentius
1208 2372 1562 2459 singularia
1608 2377 1674 2438 et
1721 2393 1758 2437 a
1803 2373 2186 2458 uulgaribus
2228 2373 2451 2438 dissita
2487 2373 2724 2460 Apulei

333 2483 402 2544 in
464 2482 679 2544 maius
727 2480 933 2544 adhuc
980 2477 1247 2566 augere:
1316 2479 1464 2542 inde
1509 2499 1661 2543 eum
1706 2477 2086 2543 insolentius
2127 2478 2402 2558 qlabrum
2446 2501 2561 2564 pro
2606 2479 2725 2542 eab-

334 2607 475 2649 uum
535 2589 600 2650 et
647 2585 1034 2667 pumibiorem
1093 2605 1207 2670 pro
1265 2584 1647 2665 pusilbiorem
1694 2586 2018 2668 scripsisse
2064 2583 2459 2648 crediderim.
2521 2584 2722 2649 Porro

336 2691 498 2757 solet
543 2711 775 2777 parum
820 2694 1112 2757 accurate
1158 2690 1355 2756 uerba
1393 2691 1588 2755 citata
1626 2690 1892 2755 adferre.
1941 2688 2046 2754 Sic
2083 2691 2151 2754 in
2188 2711 2343 2756 uoce
2383 2689 2722 2771 ehorayium

333 2798 499 2863 hanc
553 2798 749 2863 tradit
795 2800 1426 2883 interpretationem:
1478 2798 1819 2878 chorayium
1866 2796 2170 2877 uirqiuale
2199 2798 2408 2883 funus
2453 2804 2722 2863 uocatur.

332 2904 521 2986 Apul.
589 2904 989 2985 Metamorph.
1060 2904 1349 2983 Ohoraqio
1411 2904 1617 2987 itaque
1664 2904 1948 2989 perfeeto
1968 2952 1984 2980 ‚
2051 2924 2245 2966 omues
2307 2902 2723 2967 domuitionem

330 3016 577 3091 parant.
627 3008 803 3073 Haec
848 3008 977 3073 fere
1016 3008 1396 3093 respondent
1433 3011 1515 3073 iis
1535 3056 1551 3085 ‚
1593 3009 1828 3093 quibus
1868 3007 2250 3073 describitur
2288 3029 2521 3093 pompa
2539 3056 2554 3086 ,
2600 3028 2723 3093 qua

332 3114 591 3199 Psyche
653 3113 736 3178 ad
796 3113 1136 3198 scopulum
1200 3113 1538 3178 deducitur
1600 3119 1689 3199 (p.
1742 3111 1848 3179 ¹78.
1881 3113 1962 3177 15
2010 3112 2055 3179 l.
2105 3113 2210 3178 IV.
2262 3135 2314 3177 c.
2366 3113 2479 3194 35)
2546 3115 2722 3190 „itur

334 3204 439 3284 ad‘
460 3222 893 3285 constitutum
940 3218 1277 3305 scopulum
1323 3222 1562 3284 montis
1610 3219 1831 3296 ardui,
1896 3221 2079 3284 cuius
2127 3222 2196 3283 in
2243 3240 2498 3284 summo
2545 3240 2722 3283 cacu-

334 3326 510 3388 mine
573 3329 887 3389 statutam
947 3324 1231 3409 puellam
1299 3326 1497 3388 cuncti
1560 3325 1894 3401 deserunt,
1962 3322 2302 3408 taedasque
2362 3323 2684 3409 nuptiales
2705 3370 2720 3401 ,

341 3430 576 3514 quibus
622 3429 1070 3515 praeluxerant
1087 3478 1103 3508 ‚
1152 3429 1395 3495 ibidem
1438 3429 1720 3495 lacrimis
1769 3432 1900 3493 suis
1944 3431 2256 3495 extinctas
2296 3427 2727 3515 relinquentes

340 3534 604 3599 deiectis
654 3536 973 3621 capitibus
1018 3536 1435 3599 domuitionem
1464 3535 1765 3618 parant.”
1825 3536 2178 3621 Choraqium
2223 3540 2440 3599 autem
2483 3534 2728 3620 legitur

336 3662 404 3726 p.
457 3638 560 3706 ²7¹7.
595 3639 699 3718 13,
764 3640 811 3705 1.
860 3638 967 3705 IV.
1031 3662 1083 3705 c.
1136 3640 1221 3705 33
1288 3644 1463 3719 „iam
1520 3641 1826 3707 feralium
1887 3644 2266 3725 nuptiarum
2327 3644 2726 3707 miserrimae

340 3745 577 3826 uirgini
623 3745 968 3826 ehoraqium
1014 3746 1355 3811 struitur.''

430 3850 507 3914 In
589 3871 746 3916 uoce
832 3851 1097 3915 edulium
1182 3854 1342 3916 citat
1411 3851 1833 3938 Fulgentius:
1900 3852 2196 3935 Apuleius
2255 3850 2444 3916 Asino
2505 3874 2683 3917 aureo
2701 3878 2720 3915 .-

337 3955 615 4018 edubibus
680 3955 929 4038 opipare
988 3964 1229 4038 excepta
1248 4005 1264 4034 ‚
1328 3978 1487 4042 quae
1537 3959 1731 4023 uerba
1776 3962 1846 4022 in
1893 3957 2491 4042 Metamorphoseon
2537 3957 2722 4024 libris

336 4081 445 4125 me
496 4059 741 4146 legisse
804 4082 931 4126 non
991 4064 1295 4140 memini,
1345 4065 1471 4127 nisi
1515 4064 1842 4129 referenda
1887 4070 2037 4129 sunt
2085 4065 2164 4129 ad
2212 4086 2274 4149 p.
2325 4061 2432 4128 83.
2466 4060 2502 4128 ’7
2550 4064 2594 4128 1.
2645 4062 2719 4129 V.

332 4187 392 4229 c.
455 4163 493 4230 ’7
560 4173 618 4229 et
677 4166 1037 4231 inhumcmae
1096 4190 1329 4231 mensae
1393 4168 1662 4232 lautitiis
1724 4191 1824 4233 eas
1883 4170 2132 4252 opipare
2195 4169 2422 4253 reficit,
2486 4170 2596 4235 uel
2642 4169 2722 4235 ad

334 4268 450 4337 8¹7.
480 4270 567 4336 20
626 4270 671 4338 l.
721 4270 795 4335 V.
864 4271 945 4335 15
1010 4272 1289 4357 mirisque
1348 4273 1483 4337 ubis
1542 4282 1599 4338 et
1658 4276 1844 4338 beatis
1904 4275 2179 4338 edubibus
2242 4282 2418 4360 atque
2481 4276 2724 4339 tuccetis

330 4376 608 4441 oblectat.
658 4376 965 4442 Videmus
1010 4379 1217 4463 igitur
1261 4377 1593 4465 Fulgentii
1639 4384 1710 4444 in
1752 4379 2023 4446 lectione
2065 4384 2292 4466 quauis
2333 4380 2724 4446 adfirmanda

330 4480 445 4547 uel
507 4484 936 4569 oppugnanda
999 4482 1247 4549 nullam
1318 4506 1452 4551 esse
1522 4486 1715 4552 fidem
1732 4535 1748 4565 ‚
1821 4508 2026 4571 neque
2094 4487 2388 4553 lectionis
2461 4488 2722 4573 quidem
