3351 5463
589 332 717 397 118
1428 352 1513 399 nn
1557 349 1718 398 noco
1765 348 2112 399 monnoms.

584 521 768 581 antea
831 514 1160 580 accidisset
1218 521 1295 579 ut
1355 514 1499 579 aliis
1560 514 1706 601 lege
1753 513 1982 579 solutis
2029 514 2512 597 permitteretur
2556 516 2634 577 ut
2676 510 2965 577 absentes

584 626 946 686 crearentur
972 604 1067 701 ¹).⁵
1137 620 1315 685 Haec
1399 620 1692 704 exempla
1773 619 1852 684 ad
1929 624 2187 703 tempus
2255 618 2428 703 quod
2494 618 2623 682 fuit
2690 606 2836 683 ante
2903 636 2963 681 a.

586 726 673 791 63
742 728 1168 811 pertinuerint
1237 746 1488 791 necesse
1558 731 1689 802 est,
1759 746 1963 809 neque
2031 745 2104 789 ea
2169 726 2459 788 invenire
2529 722 2782 787 difficile
2844 726 2964 787 est.

588 831 751 895 Nam
814 852 963 895 cum
1028 831 1281 895 annales
1342 832 1599 895 Liviani
1659 828 2016 915 permultos
2059 828 2347 893 consules
2391 828 2679 893 absentes
2725 832 2966 892 creatos

584 942 972 1019 memorent,
1038 957 1112 1001 ea
1157 936 1449 1021 exempla
1496 940 1783 1000 maxima
1829 953 1909 999 ex
1957 940 2137 1019 parte
2183 936 2503 1018 pertinent
2547 933 2626 997 ad
2675 938 2968 1017 tempora

581 1043 1115 1127 gravissimorum
1160 1040 1478 1107 bellorum
1496 1089 1512 1117 ,
1562 1041 1793 1125 quibus
1838 1042 1908 1103 in
1954 1041 2327 1103 universum
2366 1043 2441 1102 ut
2479 1059 2516 1102 a
2555 1037 2786 1103 multis
2825 1058 2970 1100 con·-

584 1145 939 1210 dicionibus
996 1144 1315 1231 legitimis
1362 1144 1569 1210 recedi
1613 1143 1834 1209 liceret
1881 1165 2029 1209 cum
2070 1143 2357 1209 consules
2397 1149 2760 1209 crearentur
2779 1189 2794 1219 ‚
2837 1138 2972 1225 ple-

585 1250 829 1315 biscitis
883 1272 960 1314 ex
1019 1251 1205 1314 Auct.
1272 1249 1414 1314 Sen.
1475 1250 1625 1314 latis
1671 1269 1924 1334 semper
1967 1251 2357 1334 permissum
2405 1270 2542 1313 esse
2590 1248 2848 1312 videtur
2873 1245 2966 1326 ⁹);

586 1358 801 1419 omnia
836 1376 985 1419 vero
1026 1355 1299 1434 (duobus
1338 1359 1594 1419 tantum
1633 1356 1940 1438 exceptis)
1981 1354 2294 1417 eiusmodi
2335 1359 2520 1433 sunt,
2559 1358 2634 1416 ut
2667 1356 2974 1437 appareat

586 1458 711 1523 Sen
758 1456 875 1523 Ota
940 1458 1067 1542 (vel
1127 1462 1325 1523 etiam
1386 1458 1767 1543 plebiscita),
1834 1458 2068 1541 quibus
2134 1458 2420 1522 absentes
2466 1457 2724 1542 legibus
2771 1454 2974 1521 soluti

586 1568 770 1639 sunt,
816 1584 941 1627 non
985 1563 1178 1627 fuisse
1238 1569 1535 1647 rogata
1598 1563 1690 1626 ab
1751 1565 1969 1646 ipsis
2028 1562 2560 1648 petitoribus
2613 1563 2976 1627 absenti-

587 1669 770 1744 bus,
835 1667 943 1731 sed
1004 1689 1041 1731 a
1100 1674 1327 1733 senatu
1387 1673 1526 1747 (aut
1572 1688 1609 1731 a
1654 1666 1865 1752 plebe)
1913 1666 2086 1732 ultro
2135 1687 2268 1731 esse
2314 1667 2512 1743 facta,
2562 1686 2688 1751 qua
2734 1688 2800 1731 re
2849 1666 2978 1731 dis·

586 1778 846 1857 crepant
915 1773 993 1836 ab
1056 1772 1350 1856 exemplo
1415 1772 1703 1838 Caesaris
1733 1770 1803 1851 ³).
1868 1771 2012 1836 Duo
2073 1776 2326 1836 tantum
2389 1776 2762 1856 supersunt,
2808 1792 2975 1856 quae

588 1878 666 1944 ad
726 1877 793 1941 id
848 1876 1214 1961 exemplum
1266 1880 1662 1943 conveniant.
1714 1876 1966 1940 Horum
2013 1876 2288 1941 alterum
2337 1883 2435 1941 est
2481 1876 2555 1940 P.
2605 1876 2980 1962 Sempronii

588 1982 927 2059 Tuditani,
980 1981 1259 2047 consulis
1302 2003 1464 2046 anno
1516 1981 1646 2046 205
1696 1983 1849 2046 facti
1896 1982 2207 2057 absentis,
2257 2003 2406 2047 cum
2455 2004 2532 2046 ex
2573 1979 2840 2047 Graecia
2877 2004 2976 2047 re-

587 2110 889 2155 versurus
938 2094 1103 2153 esset
1152 2088 1237 2171 4);
1284 2084 1558 2153 alterum
1607 2087 1679 2167 Q.
1727 2087 1948 2152 Fulvii
1994 2088 2205 2153 Flacci
2254 2091 2364 2173 qui
2411 2109 2466 2151 a.
2495 2088 2650 2153 ’180
2697 2110 2775 2153 ex
2820 2088 2978 2153 His-

589 2198 775 2281 pania
821 2214 1112 2258 reversus
1158 2193 1378 2258 consul
1426 2194 1649 2257 absens
1711 2200 1960 2257 creatus
2013 2201 2109 2258 est
2147 2196 2220 2275 ⁵).
2285 2194 2648 2279 Utrumque
2694 2194 2978 2279 populus

590 2302 916 2366 absentem
985 2301 1225 2364 creavit
1294 2302 1429 2363 sine
1501 2298 1635 2363 ulla
1705 2302 2078 2363 necessitate
2143 2297 2298 2363 belli
2314 2319 2331 2376 ;
2397 2320 2545 2363 cum
2592 2320 2744 2364 vero
2788 2298 2980 2363 nulla

588 2407 749 2469 ratio
796 2404 991 2467 fuerit
1036 2425 1149 2468 cur
1195 2424 1300 2468 eos
1348 2402 1519 2469 ultro
1566 2409 1803 2467 crearet
1849 2402 2127 2488 populus
2148 2450 2164 2479 ,
2213 2410 2475 2487 apparet
2519 2424 2655 2467 rem
2697 2404 2775 2467 ab
2815 2402 2974 2485 ipsis

589 2531 721 2577 esse
782 2516 1024 2586 actam,
1088 2516 1151 2574 et
1214 2530 1319 2575 eos
1382 2510 1670 2573 absent-es
1733 2511 2057 2593 petivisse.
2122 2508 2413 2573 Iamvero
2460 2530 2610 2573 cum
2648 2510 2802 2573 haec
2839 2511 2978 2575 sint

587 2614 880 2699 exempla
939 2636 1191 2681 necesse
1252 2619 1337 2679 sit
1384 2635 1543 2699 quae
1590 2617 1939 2708 respexerit
1987 2616 2348 2699 Appianus,
2397 2618 2685 2699 sequitur
2727 2621 2801 2678 ut
2845 2622 2980 2679 sta-

587 2726 849 2786 tuamus
910 2743 1015 2786 eos
1076 2743 1111 2785 a
1174 2726 1394 2785 senatu
1444 2722 1888 2804 impetravisse
1953 2725 2026 2784 ut
2086 2718 2308 2785 liceret
2368 2741 2552 2785 suam
2607 2721 2972 2786 absentium

590 2831 901 2890 rationem
960 2826 1179 2890 haberi
1197 2873 1214 2903 ,
1263 2824 1546 2909 alioquin
1593 2846 1817 2890 eorum
1865 2846 2052 2890 causa
2096 2847 2222 2890 non
2269 2825 2491 2890 eadem
2535 2827 2761 2891 fuisset
2807 2847 2974 2910 quae

664 3055 714 3117 1)
761 3056 882 3118 App.
929 3055 975 3102 2.
1003 3055 1063 3102 8:
1112 3051 1141 3100 ὃ
1186 3050 1241 3100 δὲ
1286 3054 1378 3108 τῆς
1426 3054 1631 3111 πομπῆς
1675 3051 1767 3108 τῆν
1815 3051 2235 3112 παρασκευὴν
2281 3049 2330 3100 ἐν
2365 3053 2471 3108 τοῖς
2506 3053 2601 3108 τῆς
2636 3049 2819 3111 Ῥώμης
2853 3053 2974 3112 πρό-

593 3135 816 3192 αστείοις
860 3132 1137 3194 διεκόσμει,
1185 3132 1234 3181 ἐν
1281 3128 1361 3189 αῖς
1404 3131 1608 3193 ἧμέραις
1648 3131 1897 3190 ὖπατείας
1932 3130 2057 3189 ἦσαν
2095 3132 2464 3194 παραγγελίαι,
2503 3131 2587 3180 καὶ
2616 3130 2716 3180 ’ἔδει
2751 3133 2837 3181 τὸν
2870 3150 2973 3181 πα-

592 3214 949 3278 ραγγέλλοντα
993 3216 1245 3275 παρεῖναι,
1284 3210 1526 3270 ἒςελθόντι
1567 3211 1622 3261 δὲ
1661 3212 1751 3261 οὐκ
1787 3211 1842 3270 ἦν
1879 3210 1965 3262 ἐπὶ
1998 3213 2084 3261 τὸν
2121 3211 2356 3273 θρίαμβον
2394 3209 2686 3261 ἐπανελθεῖν.
2720 3211 2748 3260 8
2782 3210 2836 3260 δὲ
2857 3251 2866 3261 .
2888 3249 2899 3260 .
2923 3251 2934 3262 .
2955 3251 2973 3264 .

593 3297 841 3359 ἐςέπεμπε
885 3299 948 3360 τῇ
988 3299 1144 3359 βουλῇ
1181 3293 1407 3355 δεόμενος
1440 3291 1709 3354 ἐπιτρέψαι
1747 3295 1799 3342 οἵ
1825 3294 1918 3351 τὴν
1950 3293 2300 3355 παραγγελίαν
2335 3293 2516 3342 ἀπόντι
2552 3291 2850 3349 ποιήσασθαι
2885 3291 2974 3342 δια

592 3386 689 3428 τῶν
724 3381 898 3442 φίλων,
930 3376 1071 3434 εἰδὼς
1110 3377 1201 3441 μὲν
1237 3375 1532 3436 παράνομον,
1567 3377 1777 3438 γεγονὸς
1813 3374 1867 3423 δὲ
1899 3373 1989 3432 ἤδη
2025 3374 2110 3423 καὶ
2142 3372 2343 3435 ἑτέροις.

659 3463 711 3520 2)
744 3462 819 3509 ef.
856 3461 959 3511 Liv.
998 3459 1077 3510 27.
1098 3459 1142 3505 6.
1164 3457 1211 3508 7.

662 3543 715 3600 8)
754 3542 861 3588 Hoc
893 3541 1037 3589 etiam
1073 3538 1201 3588 valet
1235 3539 1293 3586 de
1330 3538 1659 3588 consulatibus
1693 3539 1846 3586 Marii
1880 3538 2037 3587 tribus
2070 3539 2291 3600 (secundo
2326 3554 2366 3586 a.
2405 3539 2500 3586 104
2534 3544 2581 3586 et
2614 3537 2761 3587 tertio
2794 3553 2839 3588 a.
2871 3540 2972 3588 108

592 3625 643 3670 et
684 3621 853 3684 quinto
904 3636 945 3672 a.
980 3621 1099 3680 101)
1143 3634 1262 3683 quos
1317 3620 1505 3668 Marius
1548 3619 1713 3669 absens
1764 3623 2004 3668 assecutus
2049 3623 2120 3668 est
2171 3619 2300 3683 (Liv.
2347 3619 2462 3684 epit.
2497 3619 2560 3670 67
2591 3623 2638 3668 et
2673 3620 2774 3679 68).
2808 3619 2972 3668 Etiam

594 3705 819 3766 quartum
864 3701 1165 3749 consulatum
1214 3716 1254 3750 a.
1307 3702 1430 3760 102,
1470 3717 1610 3764 quem
1662 3701 1853 3749 Marius
1900 3700 2285 3767 ‚dissimulanter
2327 3704 2522 3765 captans
2554 3709 2833 3750 consecutus
2865 3699 2974 3750 ευτ’*

596 3784 722 3844 (Liv.
773 3781 885 3845 epit.
935 3781 1024 3844 67)
1072 3795 1217 3844 opera
1250 3782 1530 3844 praesertim
1566 3782 1703 3830 Lucii
1737 3783 1987 3832 Saturnini
2019 3781 2103 3846 qui
2137 3779 2230 3829 ὑπὸ
2266 3783 2357 3829 τοῦ
2390 3781 2578 3842 Μαρίου
2613 3779 2976 3842 τεθεραπευμέ-

597 3880 674 3920 νος
708 3859 1001 3924 ἐδημηγόρει
1041 3858 1251 3908 κελεύων
1288 3856 1465 3909 ἐκεῖνον
1500 3861 1691 3911 ὕπατον
1725 3862 1962 3924 αἱρεῖσθαι
1996 3863 2154 3928 (Plut.
2192 3865 2320 3912 Mar.
2359 3864 2457 3921 14),
2486 3865 2535 3910 et
2571 3867 2758 3912 sextum
2792 3878 2833 3911 a.
2872 3863 2971 3912 1θο

594 3960 736 4009 quem
768 3944 871 4008 ipse
902 3942 1112 3991 obtinuit
1146 3957 1173 3990 a
1206 3942 1382 4006 populo
1418 3942 1569 4006 (Plut.
1608 3945 1738 3993 Mar.
1774 3946 1859 4003 28)
1900 3946 1946 3994 ei
1981 3946 2112 3994 ultro
2141 3944 2416 3995 detulerunt
2443 3945 2649 4009 populus
2678 3947 2726 3992 et
2754 3947 2971 4004 senatun

596 4041 706 4075 nam
751 4023 1056 4088 quantumvis
1098 4022 1209 4072 licet
1256 4038 1425 4087 operae
1475 4024 1659 4072 dederit
1715 4025 1904 4074 Marius
1953 4030 2006 4074 ut
2055 4034 2314 4084 crearetur,
2351 4029 2514 4074 tamen
2549 4040 2702 4088 neque
2733 4024 2973 4089 professus

598 4110 669 4156 est
702 4121 751 4154 se
778 4110 940 4170 petere
972 4104 1188 4168 quamvis
1221 4105 1427 4161 adesset,
1462 4121 1613 4168 neque
1644 4121 1672 4154 a
1706 4109 1874 4154 senatu
1907 4106 2080 4170 petivit
2116 4111 2172 4156 ut
2203 4107 2387 4171 legibus
2419 4105 2704 4156 solveretur.

663 4187 722 4248 4)
755 4186 858 4235 Liv.
894 4187 974 4235 29.
1011 4186 1090 4234 11.

668 4271 720 4328 5)
754 4267 856 4316 Liv.
891 4267 973 4318 40.
1002 4267 1083 4316 48.
1111 4267 1173 4315 4:
1218 4268 1279 4331 Q.
1326 4266 1523 4316 Fulvius
1568 4266 1763 4316 Flaccus
1807 4283 1863 4316 ex
1915 4267 2150 4332 Hispania
2197 4265 2342 4317 rediit
2377 4269 2580 4318 Romam
2602 4307 2616 4321 .
2635 4306 2646 4318 .
2667 4289 2714 4328 .;
2747 4268 2832 4333 qui
2863 4284 2976 4319 cum

596 4353 733 4400 extre
774 4347 939 4398 urbem
982 4347 1219 4412 triumphi
1262 4363 1401 4398 causa
1442 4351 1589 4407 esset,
1636 4349 1803 4396 consul
1847 4352 1919 4398 eet
1963 4352 2158 4398 creatus
2207 4364 2318 4400 oum
2353 4351 2408 4400 L.
2444 4350 2632 4400 Manlio
2665 4351 2888 4410 Acidino,
2925 4355 2981 4401 et

598 4439 704 4498 post
736 4445 921 4495 paucos·
942 4427 1042 4478 dies
1059 4462 1072 4478 .
1096 4466 1107 4477 .
1130 4462 1144 4479 .
1162 4464 1177 4485 .
1207 4429 1513 4495 triumphans
1549 4428 1718 4480 urbem
1751 4433 1823 4479 est
1855 4427 2118 4481 invectus”.
