3351 5463
647 362 779 427 360
1675 380 1994 426 KEPMATA.

643 541 794 606 eilte
840 562 918 606 zu
966 540 1234 606 Hiilfe.”
1283 540 1553 626 Supplet
1590 541 1918 607 Weiskius
1956 542 2006 604 οἱ
2057 539 2138 603 ἐκ
2186 543 2292 604 τοῦ
2333 537 2727 618 στρατοπέδου,
2769 535 3028 602 Schnei-

644 647 830 711 derus
890 651 1107 711 autem
1175 646 1262 721 ἥδ
1280 672 1313 721 η
1378 648 1759 719 δειπνοῦντες
1778 695 1794 725 ,
1843 667 2005 731 quae
2052 647 2469 711 correctiones
2517 666 2642 710 non
2688 642 3031 728 displicent

643 751 1044 817 Hartmanno
1086 758 1151 818 et
1192 752 1652 831 Herwerden03
1695 752 1796 816 illi
1834 759 2050 818 tamen
2082 750 2477 836 probabilius
2512 751 2772 816 videtur
2806 751 3030 834 ipsum

641 858 1057 943 participium
1103 877 1236 922 esse
1282 866 1675 944 corruptum.
1739 857 1837 922 Ita
1882 864 2012 924 est:
2060 856 2279 922 nullus
2325 857 2548 922 dubito
2596 859 2752 942 quin
2797 875 3027 921 verum

642 965 729 1027 sit
788 963 856 1027 δί
878 986 1078 1027 απον
1100 969 1402 1035 οῦντες.
1465 964 1752 1049 Utraque
1813 963 2053 1042 forma,
2112 963 2416 1028 διαπονεῖν
2462 967 2529 1028 et
2575 961 3027 1038 διαπονεῖσθαι,

644 1067 814 1151 apud
858 1066 1349 1153 Xenophontem
1398 1071 1691 1134 occurrit.
2165 1055 2174 1064 ⁸

732 1171 933 1236 LXII.
982 1172 1140 1237 Ibid.
1181 1171 1288 1238 IV.
1332 1174 1395 1238 4.
1423 1172 1500 1240 3:
1544 1172 1759 1238 ἔπαιον
1797 1172 1899 1237 τὸν
1937 1172 2053 1251 μέν
2097 1196 2236 1239 τινα
2278 1171 2654 1248 συνεςηκότα
2698 1173 2758 1236 ἕν
2797 1171 3029 1250 κύκλῳ,

646 1276 776 1341 τὸν
821 1277 897 1341 δὲ
946 1279 1430 1356 καθήμενον,
1481 1278 1583 1342 τὸν
1634 1276 1698 1342 δέ
1744 1301 1880 1343 τινα
1931 1279 1990 1342 ἐν
2037 1277 2299 1358 θεάτρῳ,
2345 1278 2436 1346 ἔτι
2475 1277 2528 1341 δ’
2570 1269 2631 1341 ὃν
2673 1276 2777 1341 καὶ
2821 1276 3030 1357 κριτην

647 1383 1003 1460 καθήμενον.
1050 1384 1185 1447 Aut
1230 1384 1419 1449 fallor
1466 1388 1578 1449 aut
1624 1383 2048 1465 διττογραφία
2096 1389 2224 1463 est,
2274 1404 2469 1469 quam
2505 1383 2786 1448 diductis
2822 1381 3032 1446 literis

646 1488 1023 1574 significavi.

784 1592 1018 1658 LXIII.
1089 1593 1250 1659 Ibid.
1298 1594 1405 1662 IV.
1456 1595 1519 1661 4.
1547 1595 1625 1660 4:
1693 1595 2325 1675 προσβαλόντας
2371 1597 2688 1675 Ἀργείους
2734 1593 3034 1673 άπεκρού-

649 1722 859 1763 σαντο.
906 1698 1079 1764 Imo:
1130 1700 1852 1780 προσβάλλοντας.

737 1801 964 1867 LXIV.
1035 1803 1193 1869 Ibid.
1245 1804 1351 1870 IV.
1403 1806 1463 1870 4.
1494 1805 1568 1871 5:
1618 1808 1837 1871 πίπτει
1886 1806 1954 1871 τὸ
1999 1806 2306 1886 κιόκρανον
2351 1807 2507 1872 άπὸ
2552 1811 2690 1871 τοῦ
2739 1805 3029 1876 κίονος.

646 1909 858 1974 Facile
900 1911 1158 1994 quidem
1206 1917 1304 1977 est
1350 1933 1499 1977 cum
1546 1913 1900 1978 editoribus
1946 1914 2285 1978 rescribere
2333 1911 2462 1977 άπό
2507 1935 2613 1975 του
2632 1960 2648 1990 ,
2698 1911 2806 1977 sed
2851 1913 3030 1996 equi-

648 2015 796 2078 dem
832 2036 958 2079 non
999 2016 1186 2080 video
1228 2017 1382 2102 quid
1416 2019 1538 2082 1106
1576 2018 1770 2083 modo
1810 2018 2196 2103 proficiatur.
2234 2017 2494 2083 Scilicet
2531 2017 2692 2082 alter
2715 2015 3029 2082 articulus

647 2119 951 2184 delendus
992 2127 1121 2185 est:
1164 2122 1382 2187 πίπτει
1425 2123 1728 2203 κιόκρανον
1768 2125 1893 2188 άπὸ
1933 2129 2041 2188 τοῦ
2083 2125 2292 2195 κίονος.
2334 2123 2468 2188 Alii
2504 2123 2770 2188 fortasse
2809 2123 3032 2187 πίπτει

648 2250 732 2290 τε
782 2224 1044 2290 malent.

741 2330 937 2395 LXV.
1024 2330 1185 2396 Ibid.
1250 2331 1358 2397 IV.
1424 2332 1589 2399 4.5:
1655 2336 1706 2399 οἱ
1772 2334 1947 2414 φίλοι
2020 2335 2244 2405 αὐτοὺς
2306 2330 2552 2418 ἔπειθον.
2599 2332 2705 2397 καὶ
2767 2331 3029 2410 μητέρες

648 2435 844 2499 ἰοῦσαι
917 2435 1021 2498 καὶ
1091 2435 1466 2516 άδελφοί.
1535 2438 1704 2503 Ante
1773 2439 2014 2504 multos
2085 2460 2278 2504 annos
2342 2442 2475 2503 iam
2545 2437 3028 2503 commendavi:

647 2539 1039 2617 άδελφαί.

735 2642 961 2707 LXVI.
1026 2644 1184 2709 Ibid.
1231 2645 1338 2709 IV.
1390 2646 1453 2714 4.
1484 2645 1521 2713 7
1569 2648 1864 2714 Praxitas
1910 2648 2370 2735 Spartanorum
2418 2646 2820 2726 πολέμαρχος
2869 2646 3033 2714 δια-

648 2749 1170 2829 πραξάμενος
1215 2748 1328 2820 ἆῖςε
1377 2754 1481 2817 καὶ
1531 2757 1640 2829 τὴν
1692 2755 1941 2819 άπιέναι
1991 2756 2344 2830 μέλλουσαν
2384 2756 2453 2817 ἐκ
2496 2760 2790 2823 Σικυῶνος
2832 2752 3032 2831 μόραν

647 2861 1064 2943 καταμεῖναι,
1129 2853 1400 2931 ἔπραττε
1464 2860 1572 2929 την
1633 2858 1879 2924 εἴσοδον.
1942 2860 2073 2925 Nec
2119 2859 2400 2945 legimus
2449 2860 2619 2943 apud
2666 2879 2857 2943 quem
2905 2858 3028 2923 hoc

647 2957 1017 3035 διεπράξατο
1065 2963 1130 3023 et
1174 2964 1285 3045 qui
1332 2967 1586 3046 postea,
1636 2963 1805 3047 §13,
1857 2967 1995 3049 ipse
2041 2964 2213 3029 solus
2261 2967 2590 3042 γιγνώσκει
2641 2968 2757 3027 τῶν
2800 2968 3028 3040 τειχῶν

648 3065 944 3141 καθελεῖν,
1010 3061 1124 3131 ὅτε
1187 3065 1370 3129 δίοδον
1430 3068 1780 3147 ςρατοπέδῳ
1829 3070 2038 3140 ἱκανὴν
2089 3064 2242 3134 εἶναι
2265 3118 2281 3147 ,
2330 3072 2528 3133 etiam
2575 3069 2818 3133 cohorti
2864 3089 3027 3154 quae

644 3169 1100 3253 profectionem
1160 3171 1423 3253 parabat
1440 3218 1456 3249 ‚
1518 3174 1832 3257 imperare
1893 3179 2142 3259 poterat
2203 3180 2278 3238 ut
2339 3176 2730 3239 subsisteret.
2801 3174 3030 3259 Itaque

647 3274 1024 3340 rescribam:
1074 3276 1708 3352 διαταξάμενος.

736 3377 997 3443 LXVII.
1075 3378 1236 3444 Ibid.
1300 3379 1406 3444 IV.
1471 3381 1533 3445 4.
1560 3381 1602 3445 8
1672 3382 1918 3447 duobus
1985 3383 2417 3468 proditoribus
2485 3384 2742 3448 obvenit
2806 3387 3026 3467 portae

649 3484 940 3548 custodia
978 3484 1082 3548 καὶ
1126 3486 1297 3549 κατὰ
1345 3484 1546 3565 τύχην
1597 3487 1701 3551 καὶ
1751 3491 1896 3552 κατ’
1945 3489 2330 3563 ἐπιμέλειαν.
2374 3488 2518 3553 Νο11
2564 3487 2730 3552 mihi
2773 3507 3029 3571 persua-

649 3588 801 3652 dent
873 3590 1000 3652 viri
1067 3589 1234 3653 docti
1305 3592 1417 3673 qui
1486 3612 1627 3655 eam
1689 3590 1893 3671 τδόᾱης
1958 3599 2022 3657 ct
2086 3594 2447 3669 ἐπιμελείας
2514 3595 3022 3657 coniunctionem

648 3697 931 3756 tuentur.
979 3690 1149 3757 Satis
1195 3699 1324 3758 est:
1368 3694 1537 3760 κατὰ
1578 3696 1780 3774 τύχην
1819 3697 1854 3771 ἢ
1903 3697 2038 3761 καὶ
2089 3700 2234 3761 κατ’
2275 3697 2658 3773 ἐπιμέλειαν,
2692 3718 2807 3761 1106
2845 3698 3031 3761 novit

648 3797 1005 3882 Xenophon
1050 3800 1213 3863 sitne
1261 3819 1331 3863 ea
1378 3821 1477 3864 res
1522 3801 1687 3865 facta
1731 3802 2000 3867 fortuito
2047 3824 2126 3867 an
2174 3801 2487 3868 consulto.

739 3901 1027 3966 LXVIII.
1075 3901 1236 3967 Ibid.
1284 3903 1391 3969 IV.
1443 3903 1608 3970 5.2:
1658 3908 1686 3970 ὅ
1735 3905 1940 3980 μέντοι
1981 3906 2366 3983 Ἀγησίλαος
2407 3907 2664 3977 ἐκείνους
2703 3906 2816 3981 μὲν
2863 3904 3030 3969 καί·

650 4030 793 4085 περ
840 4007 979 4084 δρῶν
1023 4008 1129 4071 οὐκ
1180 4008 1405 4073 ἐδίωκε.
1454 4009 1621 4089 Quid
1666 4011 1785 4075 hoc
1832 4014 1925 4076 rei
1961 4011 2097 4077 est?
2136 4011 2476 4099 Agesilaus
2515 4011 2726 4075 hostes
2765 4030 2890 4073 non
2928 4014 3030 4073 est

648 4117 1052 4196 persecutus,
1114 4134 1461 4197 quamquam
1507 4115 1804 4180 vidisset:
1852 4122 2020 4181 certe
2067 4119 2192 4181 nisi
2243 4116 2539 4193 vidisset,
2588 4137 2668 4180 ne
2714 4117 3032 4200 potuisset

650 4216 929 4299 quidem.
980 4216 1337 4302 Supplebo:
1389 4218 1610 4299 καίπερ
1656 4218 2050 4301 πόρρωθεν
2098 4222 2256 4299 ὁρῶν.

744 4319 977 4384 LXIX.
1048 4321 1219 4387 Leve
1278 4328 1375 4387 est
1436 4324 1602 4408 quod
1664 4325 1941 4390 traditur
1998 4326 2154 4390 ibid.
2202 4324 2308 4389 IV.
2361 4324 2422 4389 5.
2451 4324 2492 4390 4
2541 4330 2606 4390 et
2652 4326 2868 4390 omnia
2912 4346 3032 4388 un—

647 4425 998 4511 decumque
1062 4426 1414 4513 Xenophon
1475 4430 1749 4494 corradit
1810 4450 1972 4515 quae
2032 4431 2236 4496 facere
2298 4436 2563 4516 possunt
2625 4431 2703 4495 ad
2760 4429 3028 4497 laudem
