3351 5463
1315 387 1637 434 xnrMATA.
2538 369 2668 438 3¹71

281 549 614 629 γίγνεσθαι
678 547 971 632 ἄνθρωποι
1034 550 1503 631 άμαρτάνοντες
1523 599 1541 630 ,
1605 550 1817 624 άλλως
1864 575 1938 617 τε
1984 551 2088 616 καὶ
2143 552 2252 618 ἐὰν
2299 553 2671 618 κολασθῶσιν

288 657 403 724 ὑπὸ
463 663 583 722 τῶν
645 656 1139 737 ἁμαρτημάτων,
1202 659 1280 730 ὦς
1342 661 1546 736 ἡμεῖς.
1620 657 1791 727 Cum
1839 659 2231 724 adiectivum
2278 658 2665 740 εὐπορώτεροι

282 764 409 828 huc
479 783 713 848 parum
782 763 1085 849 quadret,
1160 761 1598 830 Hartmannus
1667 769 1738 830 et
1795 763 2261 830 Herwerdenus
2322 764 2671 850 probarunt

282 870 463 934 Porti
526 870 981 934 correctionem
1043 869 1487 948 ἐμπειρότεροι,
1554 889 1716 953 quae
1773 868 1946 960 inihi
1993 869 2253 953 quidem
2299 869 2535 934 absona
2578 855 2671 934 {ri-

284 974 487 1040 detur.
562 973 706 1039 Hoc
766 974 913 1040 vult
930 1023 947 1052 ,
1010 977 1136 1040 nisi
1199 973 1405 1052 fallor,
1475 972 1884 1041 Callistratus
1945 980 2175 1052 orator,
2241 995 2347 1040 eos
2395 977 2506 1060 qui
2554 996 2670 1060 pro

285 1078 514 1144 delicto
576 1100 807 1165 poenas
869 1079 1157 1146 dederint
1171 1128 1188 1158 ,
1251 1080 1629 1166 plerumque
1669 1083 1740 1145 in
1783 1087 2114 1167 posterum
2162 1102 2229 1146 se
2278 1080 2672 1148 moderatius

283 1206 502 1272 gerere
565 1190 631 1250 et
690 1185 1123 1265 μετριωτέρους
1183 1185 1340 1252 fieri.
1404 1186 1622 1252 Etiam
1683 1192 1828 1272 post
1874 1207 2075 1272 pauca
2119 1190 2208 1252 sic
2255 1189 2504 1273 pergit:
2553 1184 2668 1255 ὅτε

283 1289 809 1366 πεπαιδευμένους
874 1292 1077 1369 ήμᾶς,
1133 1293 1211 1364 ὦς
1260 1292 1328 1357 τὸ
1382 1301 1772 1358 πλεονεκτεῖν
1819 1292 2066 1370 ἀκερδές
2117 1293 2241 1371 ἑςι,
2291 1297 2391 1358 νῦν
2437 1291 2677 1383 ἑλπίζος

283 1394 474 1461 πάλιν
537 1398 818 1477 μετρίους
882 1397 943 1460 έν
1006 1407 1081 1478 τῇ
1148 1396 1293 1475 πρὸς
1343 1399 1657 1472 ἀλλήλους
1706 1396 1897 1480 Φιλίᾳ
1947 1397 2209 1463 ἔσεσθαι.
2258 1397 2429 1464 Hinc
2471 1398 2670 1466 latere

284 1502 557 1568 dixerim
622 1502 1015 1569 adjectivum
1084 1527 1112 1567 ε
1133 1506 1165 1568 ὖ
1186 1518 1223 1567 λ
1244 1527 1272 1567 ο
1290 1527 1336 1581 γ
1356 1505 1501 1567 ὥτε
1522 1526 1550 1582 ρ
1568 1527 1597 1567 ο
1615 1527 1655 1568 ι.
1729 1502 2016 1570 Conferri
2079 1505 2267 1571 iubeo
2324 1503 2670 1572 Isocratem

284 1611 393 1694 qui
448 1629 671 1694 regem
718 1609 1184 1674 Archidamum
1228 1612 1324 1675 ita
1368 1610 1618 1675 inducit
1665 1609 1983 1674 dicentem
2030 1609 2214 1693 §282
2263 1610 2314 1674 εἲ
2362 1610 2475 1686 μὲν
2525 1611 2667 1684 τοὺς

281 1717 358 1788 ὦς
424 1715 666 1787 άληθῶς
723 1714 1105 1790 Μεσσηνίους
1154 1725 1451 1793 κατῆγον,
1504 1715 1740 1792 ἠδίκουν
1788 1716 1902 1792 μὲν
1948 1713 2045 1793 ἂν,
2095 1710 2258 1792 ὅμως
2309 1715 2360 1780 δ’
2409 1717 2672 1794 εὐλογω-

281 1818 464 1899 τέρως
514 1819 592 1884 ἂν
641 1821 727 1892 εἷς
776 1820 945 1895 ὑμᾶς
995 1820 1431 1898 ἐξημάρτανον.

372 1924 509 1992 ΟΧ.
581 1924 745 1991 Ibid.
794 1924 899 1991 VI.
967 1921 1179 1991 3.11:
1244 1917 1323 1998 ἃς
1385 1925 1960 2008 ἐσπουδάσατε
2020 1926 2393 2018 αὐτονόμους
2453 1927 2665 1997 πόλεις

282 2029 599 2109 γενέσθαι,
673 2035 874 2096 πᾶσαι
944 2031 1137 2097 πάλιν
1206 2033 1305 2096 ἐπ’
1378 2032 1621 2104 ε’κείνοις
1691 2031 2088 2110 γεγένηνται.
2160 2025 2399 2098 Verius
2449 2032 2664 2099 iudico

281 2135 881 2205 ἐσπουδάκατε.

368 2242 537 2311 CXI.
601 2243 761 2309 Ibid.
816 2243 920 2308 VI.
970 2244 1033 2309 4.
1059 2244 1135 2310 92
1186 2239 1564 2321 κατεδίωξαν
1614 2244 1804 2324 πρὸς
1851 2243 1921 2308 τὸ
1960 2242 2364 2324 ςρατόπεδον·
2405 2265 2666 2330 compu-

276 2350 487 2416 lerunt
556 2349 803 2416 calones
874 2356 941 2416 et
998 2350 1313 2435 reliquam
1372 2354 1686 2437 ignavam
1746 2349 2238 2418 multitudinem
2295 2350 2364 2416 in
2423 2355 2661 2416 castra:

282 2455 521 2522 scilicet
564 2456 685 2520 hoc
731 2461 829 2522 est
876 2457 993 2528 είς
1040 2457 1109 2521 τὸ
1160 2455 1550 2534 ςρατόπεδον.
1785 2445 1794 2452 ’

368 2560 568 2628 ΟΧΠ.
639 2560 799 2628 Ibid.
851 2560 957 2628 VI.
1010 2560 1070 2625 4.
1098 2560 1222 2627 21:
1286 2560 1569 2640 πρότερον
1625 2561 1839 2639 ὀφθεὶς
1903 2560 1938 2634 ἢ
2003 2560 2345 2638 ἀγγελθεὶς
2406 2555 2495 2624 ὅτι
2545 2583 2664 2624 πο-

279 2667 614 2747 ρεύοιτο.
693 2665 902 2753 Lego:
970 2667 1569 2747 ε’πιπορεύοιτο.
1638 2666 1883 2733 Eadem
1943 2666 2260 2733 medicina
2318 2664 2664 2733 Holwerda

282 2792 433 2837 usus
480 2777 577 2837 est
622 2770 760 2839 VII.
816 2770 1009 2837 1.15.

368 2876 599 2945 GXHI.
669 2877 831 2944 Ibid.
880 2877 988 2943 VI.
1040 2877 1101 2945 4.
1128 2877 1215 2943 24
1277 2881 1344 2942 in
1405 2878 1644 2944 Iasonis
1700 2880 1914 2945 verbis
1961 2878 2292 2965 displicuit
2333 2897 2664 2964 propemo-

280 2983 434 3051 dum
496 2984 831 3049 omnibus:
904 2984 956 3048 εἰ
1018 2984 1070 3049 δ’
1136 2984 1690 3049 ἐπιλαθέσθαι
1753 2985 2056 3063 βούλεσθε
2119 2987 2188 3053 τὸ
2254 2984 2664 3063 γεγενημένον

279 3090 489 3161 πάθος.
551 3088 914 3160 Dindorfius
978 3088 1428 3170 ἀναμάχεσθαι
1484 3093 1791 3169 coniecit,
1841 3092 2217 3178 Madvigius
2267 3076 2656 3165 έξιάσασθαι.

278 3194 665 3262 Liebholdus
736 3195 1201 3273 ἐπανάγεσθαι,
1277 3195 1389 3261 alii
1456 3196 1617 3273 alia,
1691 3216 1851 3281 quae
1915 3202 2126 3262 tamen
2193 3199 2408 3262 omnia
2467 3198 2662 3261 nimis

278 3301 577 3366 recedunt
644 3322 682 3366 a
753 3301 988 3367 tradita
1058 3304 1403 3390 scriptura:
1476 3303 1595 3368 hoc
1662 3307 1831 3369 certe
1887 3302 2372 3369 incommodum
2429 3303 2662 3369 vitabit

279 3428 417 3471 mea
462 3408 775 3491 suspicio:
827 3408 877 3472 εἰ
928 3406 989 3471 δὲ
1038 3407 1294 3473 πάλιν
1344 3405 1428 3473 εὖ
1476 3410 1750 3473 θέσθαι
1799 3407 2118 3486 βούλεσθε.

363 3510 590 3579 CXIV.
658 3511 819 3578 Ibid'.
870 3511 975 3577 VI.
1042 3512 1104 3577 4.
1133 3512 1255 3579 29:
1320 3512 1485 3603 πάνυ
1550 3515 1900 3593 μετρίως
1964 3513 2154 3595 ἑκάς-η
2216 3512 2391 3581 πόλει
2457 3513 2657 3591 ἑπαγ-

277 3617 699 3695 γελλομένων·
749 3619 882 3683 imo
926 3619 1296 3696 μετρίων.
1773 3694 1784 3707 .

364 3721 558 3790 CXV.
628 3721 791 3789 Ibid.
840 3722 947 3788 VI.
1000 3723 1061 3789 4.
1091 3722 1207 3790 29:
1275 3724 1522 3804 ἐκήρυξε
1589 3724 1651 3789 δὲ
1717 3726 1822 3790 καὶ
1872 3725 2199 3803 νικητήριον
2247 3730 2513 3806 χρυσοῦν
2563 3724 2658 3794 ςέ-

274 3835 465 3908 Φανον
528 3828 807 3907 ἔσεσθαι,
872 3828 945 3914 εἴ
1004 3853 1131 3902 τις
1195 3835 1311 3895 τῶν
1375 3829 1611 3895 πόλεων
1671 3830 1825 3908 βοῦν
1889 3831 2168 3909 ήγεμόνα
2231 3832 2526 3899 κάλλιςον
2572 3834 2656 3912 τῷ

274 3936 377 4016 θεῷ
428 3936 684 4015 θρέψειε.
736 3934 941 4001 Sensu
986 3957 1265 4003 vacuum
1311 3937 1432 4016 hoc
1480 3943 1575 4003 est
1622 3943 1686 4003 et
1732 3936 2230 4003 emendandum:
2284 3933 2320 4010 ἥ
2363 3960 2505 4009 τις.
2645 3921 2649 3927 ’

362 4039 589 4108 CXVI.
659 4040 975 4108 Ibid.·VL
1026 4041 1087 4105 4.
1118 4040 1237 4107 35:
1305 4042 1437 4107 ἐπεὶ
1502 4042 1553 4107 δ’
1605 4044 1850 4113 αὐτὸς
1900 4041 2228 4121 παρέλαβε
2276 4045 2386 4117 την
2432 4043 2654 4122 ἀρχήν,

276 4146 643 4231 planissime
690 4150 1039 4233 requiritur
1086 4170 1113 4211 ο
1132 4144 1167 4211 ὖ
1184 4172 1221 4211 τ
1239 4172 1266 4211 ο
1288 4172 1317 4219 ς
1366 4152 1431 4213 et
1474 4151 1543 4213 in
1589 4151 1673 4212 iis
1716 4170 1876 4233 quae
1922 4150 2221 4214 continuo
2267 4155 2656 4234 sequuntur:

273 4252 558 4333 χαλεπὸς
626 4253 739 4328 μὲν
806 4260 1155 4323 Θετταλοῖς
1220 4252 1475 4329 ταγὸς
1536 4252 1817 4331 ἐγένετο,
1866 4255 2158 4335 χαλεπὸς
2205 4253 2267 4319 δὲ
2318 4254 2656 4333 Θηβαίοις,

270 4360 624 4424 insiticium
670 4358 928 4423 videtur
973 4359 1042 4423 id
1088 4358 1256 4444 quod
1301 4363 1399 4425 est
1445 4384 1482 4423 τ
1500 4383 1543 4424 α
1562 4384 1607 4437 γ
1626 4358 1659 4423 ὅ
1669 4384 1722 4431 ς.

360 4462 615 4532 CXVII.
687 4464 873 4532 Nunc
921 4464 1353 4551 expendamus
1402 4466 1569 4552 quod
1614 4465 1898 4553 legimus
1946 4465 2022 4532 de
2069 4487 2266 4533 uxore
2313 4466 2656 4535 Alexandri
