3351 5463
1215 417 1714 470 inmormns.
2524 399 2658 472 283

293 581 405 659 tur,
457 604 575 649 neo
622 586 1071 650 ohoreutarum
1116 588 1414 652 convivio
1460 588 1765 650 interesse
1811 585 2039 650 histrio
2088 589 2320 670 posset.
2389 585 2660 652 Restant

290 697 580 774 quartum
638 695 705 755 et
762 695 1018 756 sextum
1040 738 1055 768 ,
1120 711 1398 776 quorum
1458 689 1623 755 illud
1684 711 1881 776 aeque
1942 696 2112 756 recte
2175 711 2212 756 a
2257 691 2434 756 ehori
2479 700 2659 777 parte

287 795 539 882 reliquis
609 797 931 862 choreutis
1004 819 1198 882 quam
1262 819 1299 863 a
1362 797 1656 884 Trygaeo
1705 799 1844 862 'toti
1905 797 2094 863 choro
2156 800 2356 864 aooini
2411 802 2626 884 potuit
2642 848 2658 877 ,

287 903 467 968 huius
530 925 683 969 vero
745 893 1014 969 fortasse
1074 910 1337 990 propter
1396 901 1790 969 versiculum
1853 905 1966 989 qui
2013 905 2208 990 periit
2225 953 2242 983 ,
2290 907 2426 970 sive
2473 904 2660 971 choro

287 1010 411 1074 sive
469 1009 764 1096 Trygaeo
825 1010 1155 1089 tribuitur,
1202 1009 1655 1076 obscurissima
1702 1015 1920 1075 manet
1965 1013 2298 1076 sententia.
2347 1010 2661 1077 Omnibus

287 1118 600 1200 perpensis
659 1115 942 1180 maxir'ne
1007 1115 1357 1200 probabilis
1419 1115 1589 1181 mihi
1647 1115 1908 1181 videtur
1950 1115 2219 1201 Bergkii
2269 1137 2378 1182 sex
2425 1115 2662 1182 ultima

286 1224 629 1306 systemata
672 1221 862 1286 choro
910 1220 1253 1286 tribuentis
1302 1222 1633 1286 sententia.
1700 1220 1873 1300 Quae
1921 1223 1978 1284 si
2022 1242 2174 1286 vera
2219 1227 2316 1286 est
2332 1269 2349 1300 ‚
2399 1222 2658 1308 ambigo

286 1330 500 1390 utrum
560 1327 641 1391 ab
700 1326 1113 1391 hemiohoriis
1161 1347 1236 1391 an
1288 1345 1325 1391 a
1371 1347 1482 1392 sex
1528 1324 1741 1407 ζυγοῖς
1758 1373 1775 1405 ,
1823 1325 2058 1410 quibus
2105 1326 2333 1392 chorus
2380 1329 2660 1393 comicus

286 1432 603 1497 constabat
619 1479 637 1510 ‚
687 1436 941 1497 cantata
987 1434 1137 1497 sint.
1742 1423 1748 1430 ’

1274 1743 1663 1758 m-

1423 1983 1508 2048 H.

1288 2215 1376 2264 An
1420 2214 1655 2264 nnus.

367 2409 473 2477 Vs.
524 2409 676 2477 342.
860 2412 928 2476 οὔ
974 2410 1102 2491 γὰρ
1150 2409 1228 2476 ἂν
1276 2409 1514 2489 γέλοιον
1564 2405 1651 2491 ἦν,
1701 2412 1752 2477 εἰ

862 2517 1127 2590 Ξανθίας
1172 2517 1287 2596 μὲν
1332 2516 1544 2589 δοῦλος
1591 2516 1668 2582 ὢν
1713 2518 1776 2582 ἐν

861 2625 1213 2704 στρώμασιν
1260 2623 1593 2698 Μιλησίοις

859 2729 1409 2810 ἀνατετραμμένος
1458 2729 1646 2798 κυνῶν
1695 2728 1782 2812 ὅρ-

858 2834 1143 2917 mcum
1192 2831 1305 2900 εἶτ’
1356 2836 1647 2917 ᾔτησεν
1697 2833 1897 2915 ἀμίδ’,
1949 2836 2001 2899 έ-

714 2943 726 2949 ”
864 2943 956 3019 γὼ
1005 2942 1069 3007 δὲ
1119 2945 1267 3023 πρὸς
1320 2947 1531 3008 τοῦτον
1577 2942 1832 3019 βλέπων

860 3046 1241 3129 τούρεβίνθου
1287 3046 1698 3127 ἑδρωττόμην,
1747 3044 1840 3113 οὖ-

865 3176 969 3227 τος
1017 3154 1069 3217 δ’
1116 3151 1222 3220 ἅτ’
1270 3156 1347 3219 ὢν
1394 3154 1644 3226 αὐτὸς
1693 3159 2035 3234 πανοῦργος

865 3254 1037 3325 εἶδε
1082 3256 1177 3343 κᾷ
1197 3264 1255 3324 τ’
1305 3260 1375 3324 ἐκ
1420 3266 1533 3331 τῆς
1580 3259 1809 3337 γνάθον

870 3361 1001 3441 πὺξ
1045 3363 1351 3442 πατάξας
1399 3362 1656 3445 ἐξέκοψε

870 3474 977 3535 τοῦ
1016 3474 1199 3551 χοροῦ
1240 3475 1301 3551 (e
1341 3491 1487 3537 mea
1524 3476 1591 3538 et
1626 3469 1860 3537 Kookii
1899 3471 2059 3535 coni.
2097 3488 2212 3554 pro
2251 3469 2394 3543 τοὺς
2415 3470 2662 3552 χοροὺς)

2137 3573 2280 3646 τοὺς
2327 3576 2659 3654 προσθίους.

294 3676 519 3743 Nullus
576 3679 801 3745 dubito
849 3681 1005 3765 quin
1048 3677 1512 3767 Aristophanes
1556 3703 1653 3748 vs.
1707 3679 1837 3748 546
1884 3680 2129 3747 dederit
2177 3679 2365 3763 ᾔτησέ
2411 3681 2480 3758 μ’
2525 3684 2662 3748 sive

170 3776 181 3791 ’
293 3785 497 3868 potius
554 3786 731 3868 firm-⁹
774 3784 915 3863 ἔμ’,
980 3792 1056 3851 ut
1115 3786 1432 3863 Xanthias
1488 3792 1654 3867 (rem
1681 3781 2031 3873 ‘indignam
2051 3785 2093 3867 ί)
2151 3806 2190 3851 a
2237 3786 2498 3853 domino
2532 3808 2660 3853 >suo

292 3888 513 3955 servile
567 3893 927 3977 poposcerit
972 3893 1431 3957 ministerium.
1484 3928 1569 3943 --
1616 3892 1692 3957 In
1737 3892 2150 3978 sequentibus
2195 3891 2473 3980 Blaydes
2518 3896 2662 3958 iure

291 3993 490 4060 haesit
540 3998 613 4061 in
670 3996 895 4075 αὐτός,
963 3997 1135 4082 quod
1192 3998 1416 4064 idoneo
1480 4018 1669 4063 sensu
1730 4004 1902 4063 earet
1919 4046 1936 4077 ‚
2001 4018 2357 4084 proponens
2419 3996 2523 4063 ἅτ’
2585 3998 2661 4063 ὣν

294 4099 569 4181 (Φύσει)
631 4106 998 4183 πανοῦργος.
1064 4102 1181 4168 Vel
1243 4106 1334 4169 sio
1395 4111 1611 4170 tamen
1675 4108 2025 4170 sententiae
2084 4107 2200 4170 vix
2255 4104 2662 4169 satisfactum

293 4206 569 4287 arbitror,
626 4211 933 4294 quoniam
992 4208 1311 4274 Xanthiae
1358 4210 1705 4289 πανουργία
1752 4232 1877 4275 non
1922 4211 2067 4274 inde
2117 4217 2449 4293 appareret
2494 4209 2664 4295 quod

294 4310 604 4379 Bacchum
673 4314 919 4381 videret
988 4314 1391 4397 δραττόμενον
1462 4322 1568 4382 τοῦ
1632 4316 1971 4397 ἐρεβίνθου,
2042 4314 2182 4390 sed,
2213 4336 2292 4380 ex
2354 4338 2427 4382 eo
2491 4316 2661 4403 quod

297 4416 503 4483 dentes
546 4423 608 4487 ei
650 4420 995 4507 frangeret.

376 4522 511 4604 Qua
554 4526 632 4591 de
678 4546 868 4592 causa
890 4532 1175 4613 expecto
1226 4526 1471 4614 aliquid
1516 4528 1927 4596 huiusmodi:
