3351 5463
1263 393 1762 442 Amsrormnns.
2561 374 2704 462 0293

326 562 401 632 ὥς
467 561 501 636 ἧ
563 560 864 627 Meineke
910 559 1196 644 reposuit
1242 559 1319 628 ὥς
1368 556 1438 634 δή
1459 607 1477 637 ,
1524 557 1634 622 sed
1681 579 1940 644 prorsus
1988 559 2152 624 mihi
2197 557 2492 644 displicet
2539 559 2706 643 quod

323 666 525 754 vulgo
586 689 620 732 e
678 665 991 732 Dindorfii
1052 666 1411 730 coniectura
1469 663 1715 751 legitur
1779 665 1862 736 εἰς
1910 662 2098 746 ὄρθρον
2141 685 2255 750 pro
2304 670 2548 731 ametro
2598 665 2703 730 ὑπ’

325 771 535 851 αὐγάς
558 819 576 850 ,
638 793 790 838 nam
848 769 957 838 vel
1018 772 1074 835 si
1133 791 1246 857 per
1300 790 1368 834 se
1413 775 1563 855 apta
1608 776 1808 849 esset,
1858 770 2025 856 quod
2069 792 2269 857 nego,
2315 769 2431 836 illa
2475 771 2666 837 lectio
2688 818 2704 849 ‚

322 883 541 944 tamen
606 875 1031 944 intolerabilis
1098 878 1167 940 in
1238 874 1721 962 elegantissimo
1792 881 1978 963 poeta
2047 881 2336 942 maneret
2406 878 2702 961 repetitio

320 985 664 1050 verborum
727 985 833 1049 οὐκ
897 981 1092 1062 εἴρηκέ
1146 1005 1258 1046 πω.
1309 981 1421 1045 Me
1469 984 1525 1046 si
1572 981 1755 1046 audis
1773 1031 1790 1059 ‚
1837 980 2015 1047 locus
2060 981 2552 1068 interpolatione
2602 980 2706 1046 de·

321 1093 627 1174 pravatus
673 1095 770 1156 est
816 1093 881 1153 et
926 1088 1019 1153 sic
1064 1085 1510 1173 corrigendus:

714 1197 719 1203 '
1342 1193 1474 1258 ἐπεὶ
1524 1191 1643 1257 οὐδ’
1695 1193 1874 1257 ἐκεῖν’
1923 1192 2119 1273 εἴρηκέ
2166 1219 2292 1272 πω,

774 1303 854 1372 ὥς
902 1299 974 1374 δὴ
1024 1300 1181 1377 γυνὴ
1230 1297 1512 1364 δεικνῦσα
1562 1298 1769 1378 τάνδρὶ
1820 1297 2198 1377 τοῦγκυκλον

776 1406 880 1472 τὸν
925 1404 1151 1486 μοιχὸν
1200 1405 1553 1484 ἐξέπεμψεν
1602 1405 2362 1484 ἐγκεκαλυμμένον.

318 1511 560 1580 Mulier
603 1513 873 1576 intranti
921 1511 1188 1576 domum
1234 1512 1469 1576 marito
1518 1531 1850 1576 occurrens
1895 1513 1962 1574 in
2003 1510 2178 1576 aliud
2216 1509 2512 1576 conclave
2552 1531 2702 1576 eum

318 1624 607 1696 sevocat,
681 1621 1115 1683 monstratura
1183 1615 1426 1680 scilicet
1492 1636 1727 1710 novam
1796 1621 2079 1695 vestem,
2152 1621 2218 1681 et
2286 1619 2376 1681 sic
2435 1618 2700 1682 moecho

319 1721 486 1789 clam
532 1744 597 1788 se
644 1722 1033 1808 proripiendi
1080 1743 1114 1786 e
1163 1719 1457 1786 cubiculo
1504 1724 1895 1786 occasionem
1933 1723 2212 1807 praebet.
2259 1721 2466 1787 Verba
2503 1724 2704 1787 otiosa

318 1834 384 1894 et
444 1833 691 1893 ametra
753 1828 857 1892 ὑπ’
924 1826 1138 1905 αὐγὰς
1202 1821 1319 1892 οἷόν
1381 1827 1544 1892 ἐστιν
1609 1827 1855 1892 addidit
1919 1826 2151 1893 sciolus
2212 1832 2275 1892 et
2338 1830 2426 1892 sic
2489 1829 2702 1892 omnia

315 1935 622 2000 turbavit.
699 1933 1298 2012 Ἐγκεκαλυμμένον
1364 1931 1674 2018 intellego
1747 1934 2091 1999 moechum
2160 1941 2288 2004 τοῖς
2349 1933 2700 2014 στρώμασιν

316 2037 503 2117 lecti,
552 2046 629 2105 ut
675 2043 773 2104 est
820 2039 991 2125 apud
1036 2038 1371 2105 Platonem
1418 2041 1486 2102 in
1538 2039 1890 2125 Protagora
1935 2061 1997 2125 p.
2049 2037 2178 2102 315
2205 2038 2258 2103 B
2307 2039 2700 2124 ἐγκεκαλυμ-

318 2145 499 2223 μένος
546 2153 607 2210 ἐν
654 2145 883 2226 κφδίοις
930 2145 1052 2210 τισὶ
1097 2145 1202 2209 καὶ
1243 2145 1615 2227 στρώμασιν,
1656 2151 1723 2210 et
1760 2145 2050 2210 absolute
2090 2151 2164 2209 ut
2201 2145 2305 2209 hic
2343 2145 2698 2211 Andocides

318 2251 351 2316 I
398 2253 433 2336 ξ
463 2247 545 2317 17
595 2251 761 2316 dixit
798 2248 991 2317 εὕδειν
1030 2250 1598 2328 ἐγκεκαλυμμένον.
1647 2249 1946 2315 Ridicula
1985 2257 2080 2315 est
2115 2250 2355 2337 Engeri
2393 2250 2698 2337 vulgatae

321 2355 613 2422 lectionis
671 2359 1115 2442 interpretatio
1181 2355 1511 2434 „Videtur,
1561 2357 1688 2430 ait,
1738 2357 1830 2420 ita
1876 2376 1975 2420 res
2021 2377 2155 2420 esse
2202 2355 2542 2442 cogitanda
2559 2403 2575 2431 ,
2622 2360 2700 2419 ut
2791 2421 2796 2427 ,

324 2461 602 2539 „mulier
665 2468 999 2548 propterea
1045 2460 1159 2527 illo
1205 2465 1540 2546 praetextu
1586 2480 1704 2524 usa
1758 2463 1844 2524 sit
1862 2510 1878 2538 ,
1927 2466 2004 2524 ut
2050 2482 2199 2526 cum
2247 2459 2480 2545 encyclo
2527 2461 2700 2524 aebal-

317 2575 549 2646 „terum
596 2569 927 2631 occultante
973 2590 1051 2632 ex
1097 2566 1383 2632 thalamo
1431 2569 1497 2630 in
1541 2567 1737 2639 αὐλὴν
1777 2566 1997 2652 egredi
2032 2570 2267 2651 possit,
2308 2566 2477 2631 unde
2513 2565 2699 2631 facile

316 2673 636 2761 „effugere
698 2659 811 2739 ille
872 2672 1186 2758 poterat.”
1252 2671 1447 2751 Quasi
1510 2693 1660 2737 vero
1726 2674 2000 2737 maritus
2048 2672 2388 2738 moechum
2435 2670 2696 2758 encyclo

313 2784 624 2845 amictum
642 2830 658 2858 ,
707 2782 1083 2866 praesertim
1121 2782 1261 2864 ipsa
1298 2800 1495 2844 uxore
1536 2777 1905 2843 ostendente
1924 2827 1940 2855 ,
1981 2801 2106 2843 non
2147 2779 2510 2844 detecturus
2548 2778 2700 2842 fuis-

313 2892 426 2951 set.
475 2886 707 2951 Stolidi
753 2906 937 2971 saepe
985 2888 1113 2949 sint-
1160 2886 1287 2950 viri
1333 2885 1643 2950 uxoribus
1684 2886 1879 2949 nimis
1925 2885 2338 2950 confidentes:
2406 2885 2698 2949 huiusce—

315 2990 493 3056 modi
551 2996 767 3056 tamen
814 2994 1065 3075 stipites
1111 2993 1178 3054 in
1224 3012 1444 3055 rerum
1490 2996 1720 3055 natura
1765 3012 1891 3062 non
1937 2996 2175 3056 extant.
2229 3029 2314 3041 -
2361 2990 2437 3054 In
2484 2992 2694 3055 vicino

311 3117 409 3163 vs.
454 3094 585 3161 504
624 3118 738 3181 pro
784 3096 1063 3176 περιῆρ
1083 3095 1281 3175 χετ’,
1333 3095 1503 3181 quod
1542 3100 1798 3161 auctore
1835 3096 2208 3181 Hirschigio
2237 3098 2306 3159 in
2346 3096 2690 3175 περιέτρεχ’

308 3200 539 3287 refingi
582 3198 775 3278 solet,
822 3199 1034 3265 multo
1081 3200 1289 3265 lenius
1336 3204 1405 3265 in
1454 3224 1630 3281 περι
1652 3202 1795 3281 έρχ
1815 3200 1918 3264 ετ’
1967 3201 2354 3265 mutandum
2401 3221 2570 3274 esse,
2619 3204 2695 3263 ut

311 3327 463 3371 mox
525 3303 655 3371 507
719 3311 815 3370 est
875 3305 1001 3387 βοᾷ
1067 3311 1132 3371 et
1195 3305 1325 3370 513
1377 3310 1473 3372 θεῖ
1516 3308 1621 3386 (cf.
1674 3309 1872 3371 etiam
1921 3305 2074 3372 482.
2127 3304 2306 3385 483),
2354 3308 2487 3369 iam
2535 3304 2697 3369 olim

312 3412 680 3489 observavi,
729 3413 1015 3495 itemque
1062 3432 1157 3475 vs.
1209 3409 1339 3477 587
1388 3432 1501 3497 pro
1552 3414 1601 3476 εἰ
1651 3412 1842 3477 κακόν
1885 3414 2092 3489 ἐσμεν,
2134 3410 2276 3476 coll.
2320 3410 2474 3475 Eur.
2518 3410 2696 3475 Med.

314 3516 469 3596 206,
516 3512 559 3580 ὦ
607 3516 988 3597 κακόνυμφοι
1039 3517 1347 3583 ariolatus
1394 3538 1561 3583 sum.

324 3766 331 3773 ·
403 3728 510 3795 Vs.
561 3727 713 3797 794.

448 3835 559 3913 κῆν
606 3836 1087 3917 καταδάρθωμεν
1138 3839 1214 3903 ἐν
1261 3840 1716 3920 ἀλλοτρίων
1765 3840 2095 3923 παίζουσαι
2139 3841 2244 3908 καὶ
2294 3846 2610 3907 κοπιῶσαι.

310 3942 375 4009 Ν
375 3945 679 4009 ecessaria
738 3943 999 4009 videtur
1062 3944 1359 4033 Bentleyi
1421 3950 1728 4013 correctio
1792 3949 2101 4013 παίσασαι
2159 3971 2273 4035 pro
2321 3946 2688 4028 παίζουσαι,

311 4048 422 4114 sed
481 4050 673 4115 verba
734 4049 792 4113 ἒν
854 4050 1213 4130 ἀλλοτρίων,
1263 4056 1557 4137 quamvis
1602 4052 1759 4119 alibi
1804 4074 2124 4139 nusquam
2167 4053 2334 4119 lecta
2377 4076 2502 4119 non
2549 4058 2690 4120 teti-

274 4157 521 4243 'gerim
537 4202 555 4233 ,
616 4162 981 4240 comparata
1040 4156 1319 4223 formula
1362 4157 1728 4224 Herodotea
1774 4158 1831 4239 (I
1881 4158 1987 4224 35.
2035 4157 2154 4225 VH
2200 4158 2313 4241 84)
2363 4160 2422 4223 ἐν
2469 4160 2688 4237 ἢμετέ-

310 4282 410 4341 ρου
430 4289 513 4315 =
536 4262 598 4323 ἐν
645 4261 831 4337 ἡμῶν.
878 4261 1145 4327 Frustra
1190 4263 1422 4329 saltem
1460 4263 1794 4331 Hamaker
1833 4265 1892 4328 ἐν
1938 4266 2311 4345 Ἀγροτέρας
2352 4268 2691 4331 coniecisse

306 4365 585 4443 videtur,
650 4387 777 4431 non
836 4369 1011 4431 enim
1067 4367 1475 4456 intellegitur
1536 4390 1662 4453 quo
1707 4376 1892 4455 pacto
1936 4373 2005 4447 in
2050 4370 2294 4438 Dianae
2340 4374 2467 4438 viri
2511 4378 2692 4457 potu-

307 4474 477 4538 erint
538 4471 674 4554 περὶ
738 4473 855 4551 τὰς
922 4476 1133 4547 κλίνας
1183 4478 1345 4555 (sive
1399 4475 1516 4549 τὰς
1568 4478 1794 4552 σκηνάς
1816 4524 1834 4555 ,
1900 4483 1976 4542 ut
2020 4478 2195 4543 idem
2245 4478 2480 4559 voluit)
2529 4500 2688 4556 περι-
