3351 5463
1346 363 1669 408 KEPMATA.
1809 345 1814 354 '
2572 342 2700 408 359

320 523 719 589 ornamental
782 525 1119 609 trappings
1179 523 1345 587 from
1406 523 1517 588 the
1580 524 1768 588 horse
1817 524 1890 588 of
1928 524 2030 588 his
2076 526 2394 610 secretary
2439 521 2664 588 Idaeus
2683 571 2699 600 ‚

320 628 438 693 and
482 648 649 714 gave
694 628 873 692 them
920 647 989 693 as
1035 647 1072 692 a
1117 632 1340 691 return
1388 626 1706 710 present.''
1755 627 1873 691 Est
1911 649 1984 692 ea
2023 630 2233 713 turpis
2268 627 2704 692 munificentia

318 739 382 800 et
444 733 776 799 sordidum
824 739 921 798 est
965 732 1042 797 de
1087 731 1311 798 alienis
1357 733 1555 818 copiis
1602 732 1936 798 liberalem
1984 754 2120 799 esse
2173 732 2362 799 velle.
2432 732 2704 798 Disertis

318 844 535 904 tamen
594 840 805 904 verbis
866 839 1086 903 scribit
1145 836 1533 902 Plutarchus
1594 841 1661 900 in
1707 841 1849 903 vita
1894 836 2182 924 Agesilai
2227 860 2281 903 c.
2336 838 2452 903 13:
2503 836 2704 912 Δεξά-

313 967 495 1020 μενος
534 944 563 1007 ὃ
604 943 989 1021 Ἀγησίλαος
1033 942 1136 1007 καὶ
1183 942 1381 1017 ἡσθεὶς
1421 951 1501 1024 τῇ
1540 966 1612 1007 τε
1659 941 1796 1021 ὄψει
1845 945 1950 1008 καὶ
2000 953 2078 1024 τῇ·
2127 945 2544 1024 <mmmm
2591 948 2696 1007 τοῦ

314 1047 530 1120 παιδός
551 1095 569 1125 ,
612 1047 944 1113 ἐπεσκόπει
970 1048 1112 1119 τοὺς
1138 1047 1447 1125 παρόντας
1475 1044 1533 1110 εἴ
1553 1071 1645 1117 τις
1670 1072 1731 1112 σι
1759 1045 1893 1128 ἔχοι
1917 1051 2185 1112 τοιοῦτον
2210 1043 2325 1111 οἷον
2350 1045 2695 1112 ἀντιδοῦναι

311 1154 486 1232 καλῷ
558 1152 661 1216 καὶ
733 1152 991 1232 γενναίῳ
1056 1151 1247 1230 δῶρον.
1313 1150 1477 1216 Ἰδὼν
1536 1150 1599 1216 δὲ
1657 1149 1845 1218 ἵππον
1890 1153 2112 1218 Ἰδαίου
2160 1157 2265 1217 τοῦ
2312 1151 2694 1232 γραφέως

312 1257 763 1334 κεκοσμημένον
803 1258 1109 1338 φαλάροις
1150 1256 1324 1335 ταχὺ
1368 1261 1581 1321 ταῦτα
1620 1257 2016 1336 περισπάσας
2040 1259 2123 1338 τῷ
2156 1257 2448 1336 μειρακίῳ
2472 1255 2694 1321 δίδωσι.

311 1362 438 1427 Hic
476 1363 775 1449 equidem
816 1364 1090 1428 dixerim
1129 1357 1390 1442 γραφέα
1431 1384 1557 1426 non
1596 1364 1870 1428 scribam
1909 1383 2044 1428 esse
2085 1363 2196 1428 sed
2217 1364 2526 1447 pictorem
2552 1361 2694 1427 coll.

309 1468 501 1553 Ages.
556 1466 614 1531 1.
642 1467 749 1543 26,
800 1474 863 1532 et
912 1469 1168 1531 etiamsi
1214 1469 1357 1550 quis
1402 1467 1742 1532 obmoveat
1784 1466 2186 1533 Valckenarii
2225 1469 2692 1543 auctoritatem,

312 1575 423 1656 qui
487 1571 570 1634 ad
633 1570 1043 1636 Theocritum
1103 1593 1167 1656 p.
1219 1570 1354 1635 260
1379 1570 1429 1633 Β
1492 1574 1850 1656 scripserit,
1911 1593 2079 1636 nunc
2141 1571 2400 1656 quidem
2445 1571 2696 1633 scribam

282 1676 576 1740 ·Idaeum
616 1675 724 1740 vel
763 1675 1056 1740 Adaeum
1091 1673 1587 1762 intelligendum
1626 1696 1763 1742 esse
1779 1723 1797 1753 ‚
1843 1681 2056 1742 tamen
2096 1696 2363 1761 pergam
2388 1674 2696 1752 dubitare,

310 1803 459 1846 cum
519 1783 896 1866 praesertim
959 1780 1214 1846 videam
1277 1785 1481 1846 totam
1542 1780 1728 1845 illam
1774 1782 2079 1865 paginam
2127 1783 2203 1845 ab
2249 1800 2507 1847 summo
2554 1783 2696 1844 viro

309 1885 706 1950 auctumnali
753 1892 1037 1970 tempore
1084 1884 1453 1950 cadentibus
1503 1885 1672 1950 foliis
1719 1886 1916 1950 fuisse
1963 1885 2368 1950 elaboratam.
2433 1885 2691 1949 Etenim

306 1990 627 2056 undenam
670 1989 970 2054 fabellam
1017 1993 1279 2055 rescivit
1312 1988 1744 2055 Plutarchus?
1783 1990 2112 2055 Nimirum
2152 1992 2229 2055 ab
2267 1989 2690 2073 Xenophonte

308 2095 501 2160 habet
570 2097 684 2179 qui
748 2094 923 2159 Hell.
986 2093 1092 2158 IV.
1148 2094 1204 2158 1.
1236 2093 1357 2158 39:
1427 2095 1456 2158 ὅ
1529 2095 1593 2159 δὲ
1664 2093 2030 2172 δεξάμενος,
2101 2097 2346 2179 inquit,
2419 2093 2689 2172 Φαλαρα

308 2193 646 2277 ἔχοντος
696 2199 827 2277 περὶ
878 2200 961 2277 τῷ
1009 2195 1177 2278 ἵππῳ
1222 2200 1447 2264 Ἰδαίου
1496 2203 1609 2263 τοῦ·
1654 2201 1947 2279 γραφέως
1998 2199 2348 2278 ποίγκαλα,
2401 2201 2688 2278 περιελὼν

310 2302 643 2367 ἀντέδωκεν
708 2303 899 2380 αὐτῷ.
952 2340 1037 2352 -
1084 2302 1244 2379 Res,
1309 2303 1494 2368 credo
1515 2353 1532 2382 ,
1595 2306 1666 2367 in
1721 2306 1931 2389 aprico
1979 2309 2095 2369 est.
2148 2303 2358 2388 Ipsius
2402 2303 2691 2389 Agesilai

309 2413 443 2472 erat
514 2427 713 2492 equus
780 2407 1057 2492 phaleris
1128 2412 1388 2476 ornatus
1456 2407 1881 2493 pulcherrime
1943 2410 2126 2474 factis
2188 2430 2382 2473 manu
2444 2412 2694 2495 egregii

306 2511 567 2575 artificis
614 2511 815 2575 Adaei
861 2510 966 2577 vel
1013 2511 1217 2576 Idaei:
1267 2512 1381 2576 has
1429 2534 1540 2577 rex
1588 2512 2064 2578 adulescentulo
2114 2513 2370 2578 obtulit.
2445 2513 2571 2580 Sed
2617 2521 2691 2586 ut

303 2616 421 2696 hoc
485 2616 887 2680 obtineamus
909 2664 925 2693 ‚
987 2616 1463 2681 rescribendum
1510 2619 1632 2681 erit
1695 2615 1851 2698 ἔχω
1875 2643 1921 2682 ν.
1985 2617 2105 2681 Est
2150 2616 2428 2682 notabile
2479 2623 2693 2683 vetus-

305 2721 637 2785 tissimum
698 2723 939 2786 vitium
999 2723 1067 2784 in
1130 2725 1314 2786 textu
1357 2720 1840 2807 Xenophontis,
1889 2743 2012 2806 quo
2057 2723 2195 2805 ipse
2244 2744 2492 2807 quoque
2540 2721 2691 2787 Plu-

289 2826 560 2890 tarchus
621 2825 919 2911 deceptus
982 2826 1106 2891 fuit
1125 2847 1141 2905 3
1207 2827 1317 2894 sed
1376 2828 1562 2893 hodie
1608 2831 1763 2893 satis
1812 2830 2237 2911 comperimus
2286 2849 2472 2893 omne
2518 2849 2690 2894 men-

303 2929 533 2994 dorum
608 2951 815 3015 genus
881 2933 949 2994 in
1000 2924 1281 2996 'Graecis
1351 2936 1583 2997 nostris
1655 2933 2066 3017 scriptoribus
2137 2925 2483 2997 admodum
2555 2953 2687 2997 esse

301 3040 630 3100 vetustum
706 3040 770 3099 et
834 3057 1003 3099 nunc
1062 3057 1229 3101 novo
1291 3036 1585 3124 exemplo
1644 3038 1712 3102 id
1771 3036 2130 3102 luculenter
2193 3037 2683 3114 demonstratur,

306 3140 474 3223 quod
521 3140 785 3224 probare
833 3161 1175 3226 aggressus
1222 3162 1368 3205 sum
1413 3145 1482 3205 in
1529 3141 1678 3206 Vita
1725 3140 1965 3208 Cobeti.

392 3244 535 3307 LX.
607 3242 766 3308 Ibid.
815 3242 922 3308 IV.
965 3244 1027 3309 2.
1056 3243 1131 3309 6:
1180 3246 1319 3315 τοὺς
1369 3246 1885 3324 ςρατευσομένους
1934 3246 2032 3309 δεῖ
2073 3246 2503 3324 εὐκρινεῖν,
2545 3248 2690 3310 scri-

305 3348 452 3412 bere
497 3349 845 3433 praestabit
893 3348 1404 3427 διευκρινεῒν.

397 3452 569 3517 LXI.
642 3451 801 3517 Ibid.
850 3452 958 3518 IV.
1012 3452 1073 3519 3.
1101 3454 1225 3519 23:
1278 3455 1328 3518 εἶ
1379 3454 1443 3519 δὲ
1491 3456 1580 3531 μὴ
1626 3454 1968 3530 ἐβοήθησαν
2019 3455 2228 3524 αὐτοῖς
2278 3454 2346 3518 ἐκ
2393 3458 2499 3518 τοῦ
2547 3479 2690 3534 ςρα-

306 3556 563 3621 τοπέδου
610 3558 1168 3636 δειπνοῦντες,
1221 3558 1638 3624 ἐκινδύνευσαν
1687 3556 1761 3623 ἂν
1808 3556 2085 3630 ἅπαντες
2135 3559 2496 3623 ἀπολέσθαι.
2561 3560 2687 3624 Hic

303 3663 589 3747 primum
652 3664 1001 3727 necessario
1064 3664 1573 3748 cognoscendum
1620 3670 1720 3728 est
1736 3712 1753 3740 ,
1804 3661 2120 3748 quomodo
2168 3662 2685 3728 Breitenbachius

303 3767 427 3830 sibi
508 3786 644 3829 rem
709 3772 1169 3851 repraesentet:
1258 3768 1403 3846 „die
1470 3768 2055 3833 Lakedamonische
2124 3767 2525 3854 Abtheilung
2592 3768 2684 3833 als

300 3870 363 3934 Ν
364 3870 604 3935 achhut
638 3890 787 3947 war,
834 3872 1132 3936 wahrend
1176 3871 1276 3937 die
1317 3874 1589 3959 iibrigen
1627 3871 1928 3958 Truppen
1968 3873 2114 3937 dem
2154 3872 2360 3958 Lager
2383 3872 2680 3950 zueilten,

301 3973 504 4037 durch
560 3973 678 4038 den
726 3970 985 4059 Angriff
1024 3996 1231 4061 gegen
1278 3977 1379 4041 die
1426 3977 1738 4043 Anhohen
1786 3978 1918 4041 und
1965 3978 2075 4042 das
2122 3977 2353 4043 darauf
2386 3977 2680 4062 folgende

298 4076 714 4143 Umherirren
774 4080 844 4141 in
907 4078 1053 4143 dem
1116 4082 1533 4167 schwierigen
1594 4081 1856 4147 Terrain
1900 4085 1968 4146 in
2016 4082 2125 4147 der
2168 4081 2563 4147 Dunkelheit
2609 4102 2677 4145 so

295 4181 487 4268 lange
548 4183 955 4268 ausgehalten
1013 4185 1261 4250 worden
1282 4234 1300 4264 ‚
1364 4186 1509 4253 dass
1571 4188 1670 4251 die
1717 4189 1813 4251 im
1859 4188 2069 4273 Lager
2111 4188 2680 4273 Angekommenen

295 4288 627 4352 unterdess
680 4288 818 4351 ihre
865 4288 1389 4355 Abendmahlzeit
1435 4292 1815 4357 einnahmen
1832 4312 1849 4369 ;
1903 4298 2032 4357 erst
2077 4290 2170 4356 als
2217 4295 2362 4377 jene
2421 4312 2540 4379 gar
2599 4314 2680 4357 zu

296 4390 489 4477 lange
528 4390 893 4457 au‘sblieben
910 4439 927 4470 ,
966 4394 1200 4459 ahnten
1237 4398 1328 4461 sie
1367 4396 1754 4461 Schlimmes
1791 4394 1924 4461 und
1961 4399 2064 4461 ein
2101 4395 2288 4461 Theil
2324 4418 2451 4462 von
2485 4398 2677 4462 ihnen
