3351 5463
1325 405 1644 451 KEPMATA.
2548 381 2679 451 353
2695 395 2702 402 '

292 569 618 649 συμφορην
680 567 974 648 μεγάλην
1036 569 1103 633 έκ
1166 575 1277 642 τῆς
1343 568 1708 650 ναυμαχίης
1770 567 2148 646 ποιεύμενον,
2216 567 2388 633 alibi.
2459 567 2677 632 Etiam

288 677 482 759 pueri
542 680 778 740 norunt
794 722 811 750 ,
886 673 1203 760 quomodo
1262 673 1436 739 idem
1494 676 1748 759 passive
1795 674 2134 739 dicendum
2181 677 2269 738 sit
2313 678 2377 738 et
2422 674 2680 759 egregie

289 782 627 846 convenit:
692 783 901 850 νυκτὸς
967 780 1301 858 ἐγένετο
1365 779 1680 860 συμφορά.
1745 779 1925 859 Quod
1983 782 2292 865 sequitur,
2340 781 2538 843 nimis
2583 784 2679 843 est

286 884 644 950 ridiculum
704 888 830 950 nisi
891 886 1223 972 suppleas:
1274 887 1379 951 καὶ
1430 888 1464 960 ἡ
1512 887 1750 964 οἰμωγὴ
1800 887 1869 949 ἐκ
1916 891 2020 951 τοῦ
2071 890 2365 966 Πειραιῶς
2413 885 2515 950 διὰ
2562 891 2677 950 τῶν

288 997 543 1070 μακρῶν
588 998 814 1071 τειχῶν
859 991 1233 1073 (ταχέως)
1280 993 1366 1064 εἰς
1415 988 1536 1061 άςυ
1584 990 1801 1063 διῆκεν.

380 1095 657 1162 XXVII.
719 1096 813 1163 De
860 1097 1095 1163 Samiis
1140 1096 1421 1183 legimus
1467 1096 1620 1161 ibid.
1668 1096 1751 1160 II.
1803 1096 1864 1161 2.
1893 1095 1968 1160 6:
2020 1095 2291 1174 σφαγὰς
2329 1101 2446 1159 τῶν
2495 1117 2680 1173 γνω-

289 1200 541 1280 ρίμων
602 1205 967 1278 ποιήσαντες
1034 1211 1328 1280 κατεῖχον
1374 1203 1483 1276 την
1532 1202 1731 1267 πόλιν.
1795 1199 2256 1287 InteHiguntur
2301 1202 2674 1284 optimates,

288 1309 405 1392 qui
467 1305 607 1372 illic
666 1310 922 1394 proprio
976 1311 1234 1373 nomine
1281 1306 1544 1386 γαμόροι
1595 1307 1986 1384 dicebantur,
2035 1311 2110 1370 ut
2155 1306 2373 1370 scribit
2420 1304 2680 1371 Valcke-

285 1414 547 1476 naerius
584 1413 664 1478 ad
702 1412 1107 1479 Herodotum
1146 1411 1253 1477 VI.
1296 1412 1383 1478 22
1421 1411 1694 1497 indeque
1717 1412 1981 1476 fortasse
2006 1411 2353 1495 praestabit
2374 1411 2674 1474 scribere:

289 1539 335 1594 γ
358 1515 525 1592 αμό
542 1541 703 1596 ρων.
2517 1519 2524 1524 ’

378 1621 685 1688 XXVIII.
756 1623 917 1688 Ibid.
964 1623 1047 1687 II.
1098 1622 1160 1688 2.
1192 1621 1311 1688 13:
1362 1621 1647 1688 ἐπύθοντο
1698 1623 1898 1686 αὐτῶν
1947 1623 1997 1687 οἳ
2043 1609 2239 1703 ἔφοροι
2279 1617 2323 1686 ὂὶ
2373 1618 2676 1698 ἔλεγον.

290 1727 531 1792 Malim
577 1727 880 1810 ἔφερον.

380 1833 633 1897 XXIX.
702 1833 862 1898 Ibid.
910 1833 992 1898 H.
1045 1833 1104 1899 3.
1136 1832 1253 1897 14:
1320 1839 1436 1898 τῶν
1498 1832 1561 1898 δὲ
1607 1837 1876 1912 Φρουρῶν
1922 1830 2140 1896 τούτου
2189 1830 2676 1908 συμπέμποντος

294 1939 511 2010 αὐτοῖς
551 1935 677 2008 οὓς
719 1939 1043 2015 ἐβούλοντο
1078 1936 1553 2014 συνελάμβανον
1578 1936 1722 2007 τοὺς
1745 1936 2050 2015 πονηρούς.
2093 1937 2383 2001 Praestat
2422 1932 2674 2006 ὅσους.

381 2043 600 2108 XXX.
670 2042 833 2111 Ibid.
898 2043 981 2108 II.
1048 2042 1108 2107 3.
1141 2043 1257 2108 18:
1331 2042 1439 2118 ἤδη
1509 2043 1884 2122 Φοβούμενοι
1956 2042 2060 2106 καὶ
2133 2045 2252 2120 οὐχ
2322 2041 2508 2118 ἥκιςα
2573 2031 2674 2104 τὸν

292 2149 775 2230 Θηραμένην
837 2151 925 2225 μη
988 2151 1380 2228 συρρυείησαν
1434 2149 1581 2228 πρὸς
1630 2147 1817 2214 αὑτὸν
1863 2150 1914 2213 οἱ
1963 2155 2239 2212 πολῖται.
2311 2145 2670 2232 Supplebo:

288 2256 393 2321 τὸν
472 2253 833 2334 Θηραμένην
900 2255 1341 2334 (ὑφορώμενοι).
1414 2254 1749 2319 Ductuum
1817 2251 2182 2319 similitudo
2201 2301 2217 2330 ‚
2290 2255 2396 2317 uti·
2460 2251 2636 2317 vides
2657 2300 2673 2330 ,

290 2360 445 2425 fecit
491 2365 567 2424 ut
612 2361 1025 2445 participium
1074 2381 1153 2424 ex
1199 2365 1382 2424 textu
1429 2360 1768 2425 excideret.

380 2463 631 2528 XXXI.
704 2463 886 2544 Quod
932 2463 1178 2551 legitur
1223 2464 1377 2529 ibid.
1424 2464 1507 2528 II.
1560 2463 1621 2527 3.
1650 2463 1774 2529 30:
1824 2463 2388 2534 κελεύσαντες
2435 2461 2537 2526 ἐπὶ
2587 2461 2672 2526 τὰ

290 2565 467 2634 ὅπλα
487 2618 503 2647 ,
570 2574 667 2634 est
728 2569 991 2653 quidem
1052 2571 1332 2634 narratio
1392 2568 1579 2634 valde
1638 2568 1984 2652 impedita,
2048 2589 2163 2633 nec
2208 2574 2425 2633 tamen
2471 2568 2672 2632 feram

287 2673 620 2741 insolitam
674 2673 1062 2755 locutionem
1083 2723 1099 2753 ,
1166 2695 1362 2760 quam
1408 2673 1932 2739 Breitenbachius
1978 2674 2213 2739 frustra
2231 2721 2246 2751 ,
2294 2676 2417 2738 nisi
2465 2672 2670 2752 fallor,

288 2801 591 2847 excusare
636 2785 897 2845 conatus
942 2787 1039 2845 est
1075 2780 1305 2847 collata
1346 2780 1469 2846 alia
1508 2780 1809 2865 loquendi
1849 2779 2128 2845 formula
2146 2829 2162 2858 ,
2203 2801 2363 2864 quae
2401 2782 2672 2845 minime

287 2907 432 2951 rara
494 2890 624 2951 est:
689 2885 1168 2966 παραγγέλλειν
1231 2887 1331 2951 ἐπὶ
1381 2886 1466 2952 τὰ
1515 2882 1708 2954 ὅπλα.
1756 2887 1924 2951 Ante
1970 2886 2160 2971 pedes
2206 2888 2494 2969 positum
2539 2890 2669 2950 est:

291 2992 804 3064 καλέσαντες
868 2992 967 3055 ἐπὶ
1038 2992 1123 3057 τὰ
1180 2988 1348 3057 ὅπλα
1394 2995 1682 3076 itemque
1728 2992 1895 3056 infra
1941 2990 2022 3055 11.
2079 2990 2138 3055 3.
2169 2989 2254 3055 54
2304 2990 2462 3056 olim
2505 2989 2675 3077 lege-

288 3098 483 3164 batur
543 3095 981 3162 ἐκέλευσεν
1043 3098 1071 3162 δ
1134 3095 1320 3176 κήρυξ
1381 3097 1522 3168 τοὺς
1570 3094 1785 3161 ἕνδεκα
1835 3095 1932 3161 ἐπὶ
1982 3096 2084 3161 τὸν
2133 3095 2515 3174 Θηραμένην,
2564 3095 2673 3159 sed

287 3204 423 3268 iam
462 3204 756 3268 certatim
799 3207 1155 3270 correctum
1191 3203 1318 3267 fuit
1356 3203 1437 3267 ἐκ
1454 3202 1498 3266 ά
1516 3217 1555 3266 λ
1575 3227 1601 3265 ε
1621 3225 1658 3264 σ
1677 3226 1728 3266 ε.
1777 3200 1995 3266 Altera
2026 3201 2382 3267 emendatio
2404 3200 2670 3265 alteram

287 3310 534 3375 tuetur.

377 3412 661 3479 XXXII.
730 3412 890 3477 Ibid.
955 3412 1037 3477 II.
1105 3411 1166 3478 3.
1195 3411 1314 3478 20:
1379 3412 1463 3476 τοὶ
1524 3406 1693 3481 ὅπλα
1757 3412 2006 3476 πάντων
2222 3408 2672 3483 συνέθηκαν

290 3518 350 3582 έν
398 3520 485 3601 τῷ
533 3520 677 3598 ναῷ.
728 3517 1110 3586 Ooacervata
1156 3538 1367 3597 arma,
1417 3517 1633 3594 credo,
1683 3515 2146 3589 συνένησαν.

377 3624 689 3691 XXXIII.
761 3623 920 3688 Ibid.
982 3623 1064 3688 H.
1131 3622 1190 3687 3.
1222 3622 1343 3688 24:
1410 3621 1511 3687 διὰ
1575 3622 1645 3685 τὸ
1693 3628 1946 3689 πλεῖς-ον
1991 3620 2201 3699 χρόνον
2252 3621 2312 3683 ἐν
2360 3617 2668 3701 ἐλευθερίᾳ

284 3730 391 3795 τὸν
444 3716 630 3806 ’δῆμον
674 3728 1148 3808 τεθράφθαι.
1197 3729 1513 3812 Perpetuo
1558 3728 1677 3792 hoc
1723 3728 1957 3793 dicitur
2003 3723 2572 3805 ἕντεθράφθαι.

377 3833 682 3899 XXXIV.
754 3833 849 3899 De
908 3832 1298 3899 Theramene
1357 3833 1639 3919 legimus
1700 3832 1852 3897 ibid.
1918 3832 2000 3895 II.
2067 3832 2126 3895 3.
2157 3824 2277 3897 30:
2327 3830 2666 3908 τιμώμενος

288 3940 407 4003 ὑπὸ
460 3944 567 4003 τοῦ
616 3939 807 4014 δήμου
855 3940 1069 4003 κατα
1118 3939 1220 4001 τὸν
1268 3939 1511 4018 πατέρα
1552 3940 1851 4014 ’Ἅγνωνα
1898 3935 2354 4015 προπετέςατος
2401 3934 2666 4012 ἐγένετο.

288 4043 845 4123 Quemadmodum
905 4064 1155 4109 necesse
1215 4048 1346 4120 est,
1412 4045 1748 4108 observant
1808 4045 2184 4126 interpretes
2243 4042 2438 4107 verba
2498 4041 2669 4106 κατὰ

285 4150 391 4214 τὸν
440 4149 683 4229 πατέρα
728 4148 1051 4234 iungenda
1098 4168 1231 4214 esse
1277 4170 1427 4213 cum
1464 4152 1547 4213 iis
1587 4169 1749 4233 quae
1787 4152 2160 4232 sequuntur.
2209 4147 2335 4211 Sed
2372 4145 2668 4230 equidem

288 4253 513 4319 dubito
578 4275 658 4320 an
715 4276 841 4319 non
900 4255 1135 4320 rectius
1202 4254 1429 4318 fuerit:
1494 4254 1835 4331 τιμώμενος
1898 4253 2010 4317 ὑπὸ
2059 4256 2167 4317 τοῦ
2214 4251 2404 4327 δήμου
2453 4251 2666 4327 μετὰ

286 4359 391 4424 τὸν
455 4361 718 4437 πατέρα.
782 4361 1015 4445 Agnon
1060 4361 1271 4445 gratia
1314 4359 1485 4444 apud
1524 4358 1843 4444 populum
1885 4358 2184 4423 floruerat
2230 4362 2293 4421 et
2338 4362 2485 4442 post
2532 4358 2670 4421 eius

287 4471 566 4531 mortem
626 4468 694 4529 in
752 4464 961 4530 filium
1022 4462 1408 4530 translatum
1468 4465 1595 4529 fuit
1655 4464 1826 4548 quod
1882 4466 2080 4549 patris
2126 4464 2352 4528 fuerat.
2400 4463 2668 4527 Prorsus
