3351 5463
652 373 790 439 406
1118 371 1149 388 ⁸
1351 389 1441 439 66
1485 390 1826 439 ommuni
1867 383 2329 440 nommconm

658 553 893 641 scripto
956 556 1367 622 mandaretur
1428 557 1591 621 hanc
1638 557 1912 630 formam
1960 556 2257 622 habuisse
2303 558 2709 642 pronuntiat,
2759 576 2919 641 quae
2966 555 3050 620 ad

653 682 767 726 nos
829 660 1072 754 perlata
1133 667 1247 726 est.
1320 662 1419 725 Ab
1480 661 1681 726 altera
1745 667 1925 745 parte
1983 661 2262 726 Erhardt
2322 661 2736 726 Lachmanno
2783 664 3045 747 propior

652 766 957 833 nucleum
1024 787 1150 832 non
1220 769 1510 854 agnoscit
1528 815 1543 844 ,
1615 767 2011 852 Iliademque
2071 788 2266 852 quam
2313 788 2482 832 nunc
2527 768 2722 832 habet
2766 768 3036 832 formam

653 895 777 938 non
838 873 1097 957 quidem
1168 895 1204 937 a
1271 875 1431 939 viris
1502 876 1816 959 accepisse
1885 873 2278 938 Pisistrateis
2294 921 2310 949 ,
2384 894 2535 938 nam
2607 879 2856 964 sponte‘
2895 893 3041 937 eam

655 981 927 1072 crevisse
986 999 1065 1056 ne
1124 980 1183 1042 is
1245 977 1507 1064 quidem
1568 983 1764 1066 negat
1790 978 1862 1062 1>,
1927 983 1994 1068 at
2056 983 2274 1044 tamen
2336 998 2491 1045 aevo
2551 977 2813 1044 demum
2877 978 3043 1051 Pisi·

654 1089 891 1149 strateo
931 1084 1213 1149 induisse
1258 1085 1627 1149 arbitratur.
1680 1082 2032 1169 Odysseam
2079 1105 2230 1148 vero
2249 1131 2266 1161 ‚
2316 1082 2391 1146 de
2438 1103 2564 1167 qua
2614 1085 2872 1148 omnino
2911 1104 3040 1147 non

653 1195 857 1277 agunt
900 1188 1268 1254 Lachmann
1312 1195 1378 1254 et
1421 1189 1702 1254 Erhardt
1719 1237 1734 1266 ,
1781 1191 1955 1254 viros
2003 1188 2409 1254 Pisistrateos
2456 1187 2802 1253 absolvisse
2849 1193 3042 1273 putat

656 1294 881 1362 Oauer.
1218 1375 1235 1391 „
2255 1381 2260 1386 φ

743 1399 1088 1466 Videamus
1126 1422 1294 1465 nunc
1332 1399 1649 1486 quomodo
1691 1385 1968 1465 Erhardt
1992 1406 2072 1466 .et
2113 1399 2319 1466 Oauer
2358 1420 2543 1464 suam
2581 1398 2658 1464 de
2683 1401 3048 1486 recensione

651 1505 1026 1572 Pisistratea
1089 1509 1471 1578 sententiam
1532 1512 2015 1592 persequantur.
2079 1505 2166 1572 Et
2211 1504 2324 1572 ille
2371 1505 2631 1590 quidem
2678 1507 3050 1590 ceteroquin

652 1611 825 1676 locos
892 1613 1277 1695 scriptorum
1346 1613 1457 1695 qui
1526 1610 1603 1676 de
1671 1631 1746 1675 ea
1806 1616 2010 1696 agunt
2075 1607 2228 1695 quid
2289 1608 2546 1697 yaleant
2607 1625 2734 1675 non·
2782 1629 3050 1687 curans,

654 1717 1170 1782 vetustissimum
1238 1715 1406 1799 quod
1475 1736 1546 1780 eo
1616 1717 1933 1802 pertineat
2003 1715 2328 1781 contendit
2397 1737 2533 1781 esse
2595 1699 3050 1781 testimonium

654 1820 1044 1895 Dieuchidae
1090 1823 1501 1908 grammatici
1544 1821 1942 1906 Megarensis
1987 1821 2081 1886 111
2127 1842 2183 1886 a.
2234 1819 2383 1887 Chr.
2434 1843 2496 1885 n.
2546 1819 2803 1885 saeculi.
2868 1819 3054 1885 Scili-

656 1931 757 1992 cet
827 1930 1068 2011 spectat
1137 1925 1354 1991 locum
1423 1930 1796 2011 corruptum
1858 1926 2166 2013 Diogenis
2203 1911 2472 1990 Laertii
2535 1928 2696 2004 (vita
2759 1924 2889 1990 Sol.
2956 1923 3050 2006 9),

656 2053 851 2120 quem
894 2034 988 2096 ita
1033 2031 1286 2096 Bitschl
1330 2052 1392 2097 v.
1420 2031 1481 2096 d.
1521 2034 1854 2098 constituit
1879 2033 1966 2111 ²):
2005 2036 2252 2124 admon
2295 2029 2392 2096 οὖν
2428 2030 2702 2108 Ὅμηρον
2742 2030 3050 2108 ἐφώτισεν

654 2135 898 2218 (Solon)
968 2137 1031 2229 ἢι
1063 2130 1506 2226 Πεισίστρατος
1570 2134 1804 2218 (ὅσπερ
1866 2137 2176 2216 συλλέξας
2244 2137 2330 2200 τὰ
2393 2138 2664 2216 Ὀμήρου
2737 2135 3052 2208 ἐνεποίησέ

638 2266 797 2328 ,τινα
844 2244 927 2317 εἷς·
968 2244 1079 2318 ἰ’-ἦν
1130 2240 1467 2318 Ἀθηναίων
1512 2241 1749 2338 zaim>
1789 2240 1863 2314 ὥς
1905 2250 2062 2323 Φησι
2105 2241 2442 2322 Διευχίδας
2487 2235 2545 2306 ἕν
2581 2242 2615 2312 ἑ
2651 2231 3050 2322 Μεγαρικῶν.

657 2342 727 2422 ἦν
796 2349 859 2414 δὲ
930 2347 1221 2428 μάλιστα
1281 2349 1367 2413 τὰ
1432 2347 1546 2422 ἔπη
1609 2353 1857 2427 ταῦτα,
1922 2373 1971 2413 οι
2037 2349 2088 2411 δ’
2136 2347 2232 2426 ἄρ’
2285 2349 2546 2422 Ἀθήναις
2595 2345 2775 2427 Axon
2821 2371 2878 2415 κ.
2905 2371 2966 2412 τ.
2996 2347 3048 2411 ἑ.

633 2455 860 2548 ²Verba
906 2450 1092 2533 ἕσπερ
1119 2491 1204 2502 —-
1228 2455 1414 2534 χάριν
1462 2453 1791 2561 supplevit
1834 2453 2104 2548 Bitschl.
2153 2454 2238 2518 Et
2285 2453 2362 2519 de
2400 2453 2726 2522 Pisistrati
2763 2435 3050 2548 interpo—

651 2560 925 2626 latione
954 2558 1172 2644 aliqua
1228 2559 1333 2624 hic
1376 2562 1503 2646 agi
1518 2611 1569 2643 ‚
1597 2580 1868 2645 arguere
1915 2558 2168 2626 videtur
2218 2564 2552 2629 contextus
2581 2556 2652 2640 3),
2703 2557 2826 2624 sed
2856 2537 3043 2622 nullo

558 2734 565 2741 ,
654 2664 843 2733 modo
892 2667 1183 2755 sequitur
1228 2669 1303 2731 ut
1349 2667 1547 2730 etiam
1584 2651 1967 2730 recensionis
2001 2664 2319 2753 Diogenes
2358 2665 2754 2733 mentionem
2791 2663 3043 2741 fecerit,

539 2810 543 2815 -
652 2772 893 2839 nedum
953 2772 1173 2861 fecerit
1232 2770 1655 2847 Dieuchidas-‚
1722 2771 1890 2856 quod
1935 2792 2014 2836 ne
2062 2792 2097 2835 6
2143 2762 2479 2841 Ritschelii
2527 2770 2790 2861 quidem
2835 2772 3050 2857 sequi-

651 2882 761 2942 tur
821 2876 1055 2942 verbiS.
1117 2875 1239 2941 Sed
1303 2877 1569 2943 forsitan
1619 2876 1899 2942 Erhardt
1958 2880 2146 2961 putet
2191 2876 2330 2941 fieri
2375 2898 2504 2941 non
2550 2878 2836 2968 potuisse
2884 2877 3048 2960 quin

642 2982 1024 3072 'Pisistratus
1082 2978 1445 3049 Homerum
1506 3002 1655 3051 cum
1716 2980 2126 3076 interpolaret
2181 2980 2380 3051 simul
2417 2985 2792 3047 Urecenseret
2857 2979 3046 3067 Quod

651 3108 803 3153 cum
840 3083 1046 3151 Gauer
1078 3084 1669 3166 Wilamowitzium
1692 3108 1756 3153 v.
1784 3087 1844 3151 d.
1893 3091 2147 3152 secutus
2187 3091 2456 3179 censeat,
2497 3088 2576 3151 de
2613 3087 2732 3151 hac
2767 3107 2837 3155 re
2873 3086 3047 3149 infra

652 3212 940 3279 agemus.
981 3193 1183 3259 Porro
1222 3193 1530 3259 Erhardt:
1574 3198 1871 3270 testatur,
1900 3195 2134 3279 inquit,
2161 3172 2358 3258 etiam
2382 3191 2748 3283 Herodotus
2775 3190 2941 3271 (VII.
2975 3172 3046 3271 6)

634 3304 909 3371 ,vetusta
949 3300 1230 3364 carmina
1275 3299 1832 3365 Pisistratidarum
1877 3301 2064 3363 iussu
2108 3296 2369 3365 collecta
2415 3303 2499 3363 et
2525 3299 2834 3363 recensita
2881 3316 3045 3363 esse.

581 3448 597 3462 .,
650 3403 714 3467 N
715 3405 1044 3469 ot1ss1mus
1091 3403 1403 3469 Herodoti
1446 3402 1625 3471 locus
1642 3424 1659 3482 ;
1713 3410 1778 3469 at
1824 3403 2112 3489 loquitur
2158 3403 2263 3470 hic
2315 3403 2390 3468 (16
2439 3401 2711 3469 oraculis
2749 3400 3040 3479 Musaei,

650 3510 899 3594 itaque,
938 3509 1105 3576 nihil
1172 3530 1320 3575 sane
1390 3509 1569 3577 aliud
1630 3510 1781 3576 inde·
1842 3510 2083 3597 efficere
2144 3507 2296 3575 licet
2356 3510 2482 3573 nisi
2525 3508 2643 3596 hoc
2661 3555 2678 3585 ,
2727 3529 2855 3572 non
2901 3508 3046 3571 sine

650 3609 943 3704 exemplo
989 3634 1122 3681 esse
1160 3615 1227 3678 id
1268 3615 1443 3700 quod,
1475 3615 1551 3680 de
1584 3612 1862 3683 Homeri
1898 3617 2255 3685 recensione
2294 3615 2670 3679 Pisistratea
2706 3617 3006 3682 narratur
3021 3632 3040 3691 3

649 3724 877 3785 utrum
921 3740 1149 3784 verum
1194 3720 1278 3784 sit
1324 3741 1516 3785 necne
1562 3719 1742 3786 nullo
1789 3722 1978 3786 modo
2023 3723 2112 3785 sic
2152 3719 2503 3785 conficitur.
2553 3717 2723 3782 Tum
2759 3716 3047 3782 Erhardt

651 3846 725 3892 ea
772 3845 932 3911 quae
979 3819 1115 3890 sive
1162 3825 1240 3889 ad
1286 3824 1584 3911 linguam
1630 3826 1769 3891 sive
1826 3825 1906 3890 ad
1968 3846 2068 3890 res
2130 3831 2413 3889 narratas
2473 3808 2858 3908 pertinentia
2921 3824 3049 3887 ori-

649 3934 872 4019 ginem
946 3931 1232 3995 Atticam
1320 3931 1580 4015 prodere
1650 3931 1975 4011 videntur,
2056 3951 2334 4016 quorum
2415 3928 2622 3993 multo
2691 3928 2878 4013 plura
2947 3930 3047 3991 in-

653 4037 891 4102 dicavit
966 4056 1160 4119 quam
1241 4038 1583 4122 quisquam
1658 4042 1803 4101 ante
1867 4057 2019 4101 eum
2045 4035 2120 4116 4),
2193 4035 2273 4099 ad
2332 4035 2750 4114 Pisistratum
2810 4032 3008 4099 refert
3026 4082 3047 4111 ‚

723 4249 775 4315 1)
811 4247 932 4320 Vide
962 4250 1015 4298 in
1049 4249 1138 4298 hac
1172 4247 1473 4298 Bibliotheca
1508 4246 1682 4297 xxm
1717 4264 1763 4313 p.
1801 4248 1916 4311 400.

636 4348 645 4355 ·
724 4331 781 4396 2)
816 4334 991 4397 011666.
1026 4332 1069 4382 Ῐ.
1106 4335 1186 4382 54.
1320 4336 1325 4345 ¹
2500 4344 2504 4349 ·

713 4414 777 4479 ¹3)
814 4414 969 4463 Aliter
998 4412 1257 4463 vLeeuwcn
1294 4414 1344 4461 in
1367 4412 1464 4462 Ed.
1501 4411 1649 4463 Hom.
1685 4410 1744 4462 ad
1779 4416 1812 4460 B
1833 4410 1928 4460 546
1947 4426 2050 4475 sqq.
2085 4412 2148 4459 At
2187 4408 2294 4459 vide
2328 4406 2466 4475 plura
2505 4404 2632 4459 infra
2667 4426 2714 4473 p.
2749 4408 2870 4459 414.

621 4488 627 4497 ’
720 4497 775 4557 4)
810 4496 945 4559 Quae
980 4509 1035 4544 ea
1066 4494 1165 4544 sint
1198 4494 1305 4544 vide
1339 4492 1467 4543 infra
1498 4510 1547 4558 p.
1582 4494 1700 4543 412.
