3351 5463
647 371 778 437 206
1591 393 2090 443 ARISTOPEANES.

644 554 755 632 πρὸ
828 558 935 619 τοῦ
1004 555 1277 630 πολέμου
1352 557 1675 622 ἐδόκουν
1743 558 2196 640 γυμνάζεσθαι.
2267 559 2539 637 Notavi,
2619 560 2790 644 quod
2857 561 3032 630 hunc

640 680 835 724 usum
881 660 1168 747 neglexit
1216 661 1523 748 Stephani
1570 663 1759 730 Thes.
1812 665 1936 744 (ed.
1987 666 2206 746 Dind.)
2255 667 2372 730 sub
2421 686 2596 754 voce.

734 789 827 832 νε.
880 767 1033 847 874,
1063 768 1148 834 38
1196 770 1523 848 μεθύοντες
1572 771 1635 835 δὲ
1683 772 2007 844 πολλὰς
2056 773 2285 853 πόρνας
2338 769 2620 854 ἥρπαζον.
2669 771 2809 837 Imo
2855 786 3040 836 πολ-

644 872 911 946 λάκις.
2616 859 2630 874 ’

733 1001 827 1044 νε.
877 979 1166 1058 883,20.
1232 980 1473 1067 Supple
1541 979 1685 1059 ἅμα
1747 982 1810 1046 δὲ
1878 980 1972 1048 ὅτι
2041 985 2214 1060 (ὡς)
2279 983 2531 1056 λείκτης
2579 983 2952 1061 διεβάλλετο
3001 983 3037 1047 ὅ

641 1086 1040 1165 ’Λριφράδης.
1103 1089 1205 1152 An
1264 1088 1389 1152 fuit
1437 1087 1872 1163 κυσθολείκτης
1921 1092 2058 1154 sive
2105 1088 2548 1165 κυσολείκτηςῗ
2599 1091 2674 1156 In
2721 1092 3038 1176 proximis

568 1227 579 1236 ·
640 1192 864 1258 eodem
910 1215 1098 1258 sensu
1146 1198 1242 1258 est
1288 1195 1690 1273 Φοινικισσής.

731 1319 824 1362 νε.
876 1298 1029 1376 890,
1059 1298 1145 1362 48
1193 1298 1374 1385 lege:
1441 1300 1710 1378 ἀδικεῖς,
1759 1297 1801 1364 ὦ
1853 1299 2076 1379 Ξάνθε,
2127 1300 2310 1380 μόνος
2358 1305 2577 1382 φήσας
2625 1305 3042 1383 παραγεν<ή-

642 1407 904 1480 σ>εσθαι
946 1406 1048 1469 καὶ
1092 1404 1364 1485 δεύτερος
1405 1406 1934 1487 παραγενόμενος.
1978 1446 2062 1498 -7
2104 1407 2356 1475 Ibidem
2394 1408 2514 1474 ool.
2541 1409 2616 1488 B,
2650 1409 2694 1473 1.
2728 1407 2809 1473 15
2836 1409 3038 1474 verba.

642 1507 788 1591 ὅπερ
836 1512 941 1574 καὶ
990 1516 1237 1586 μᾶλλον
1283 1535 1410 1578 non
1457 1513 1744 1598 expedio.

736 1638 831 1683 νε.
881 1616 1034 1695 925,
1062 1618 1149 1683 20
1197 1616 1403 1692 Λύκος
1452 1659 1537 1669 -
1586 1623 1614 1686 ὀ
1667 1623 1946 1698 Ῥηγῖνος
1995 1623 2124 1686 ἐπὶ
2174 1631 2378 1694 ταῖς
2418 1623 2563 1702 πρὸς
2605 1619 3038 1700 Ἀλέξανδρον.

563 1791 571 1798 ,
642 1723 821 1788 Num
867 1725 1029 1789 forte
1078 1727 1152 1787 ἐν
1203 1724 1423 1797 refe?
2558 1759 2565 1768 ·

734 1850 828 1894 νε.
880 1828 1032 1894 962.
1080 1830 1419 1896 Edendum
1464 1833 1674 1897 fuerat
1723 1836 1848 1899 sie:
1901 1833 2028 1899 δέον
2074 1837 2272 1900 εἰπεῖν
2321 1837 2539 1916 »ῥῖπτε
2589 1840 2705 1898 τῶν
2753 1833 3037 1916 ὀλῶν,”

644 1928 921 2014 κριθῶν
984 1941 1088 2001 νῦν
1150 1933 1286 2002 εἶπε
1344 1946 1619 2016 γενικῶς.
1685 1939 1888 2004 Plane
1933 1943 2108 2006 enim
2156 1942 2530 2016 ἀδιανοήτως
2576 1943 2887 2025 scriptum
2934 1945 3046 2006 est

646 2045 867 2122 »ῥῖπτε
913 2049 1030 2108 τῶν
1076 2040 1273 2108 ὅλων
1324 2045 1648 2125 κριθῶν”
1699 2051 1801 2110 νῦν
1851 2048 1980 2112 κτὲ.
2320 2033 2330 2045 ’

732 2170 827 2212 νε.
880 2147 1010 2213 986
1075 2152 1163 2226 μη
1228 2152 1397 2215 κατὰ
1462 2157 1768 2217 σαυτοῦ
1834 2156 1976 2235 (sie)
2038 2153 2247 2231 ὀλίγον
2295 2154 2507 2232 χρόνον
2558 2153 2808 2234 ποιήσῃς
2859 2157 3039 2229 ἡμᾶς

642 2255 1010 2319 ἀπολαῦσαί
1055 2279 1182 2320 σου.
1231 2256 1455 2342 Recipi
1503 2257 1724 2322 debuit
1771 2259 1907 2323 cod.
1957 2257 2186 2324 Veneti
2224 2259 2415 2326 lectio
2456 2262 2628 2326 κατὰ
2675 2259 3037 2338 ταύτας,

642 2362 687 2424 i.
736 2382 790 2424 e.
840 2361 1072 2426 harum
1119 2365 1585 2444 (meretrioum)
1634 2364 1947 2449 exemplo·

735 2489 832 2532 νε.
879 2461 1074 2545 1001,
1102 2468 1187 2533 46
1232 2468 1330 2532 διὰ
1372 2469 1436 2533 δὲ
1472 2471 1543 2533 τὸ
1586 2470 1770 2542 ἀηδὲς
1812 2479 1922 2544 τῆς
1966 2471 2289 2551 ἐργασίας.
2337 2471 2516 2536 Haeo
2546 2493 2673 2537 non
2695 2471 3032 2556 intellego·

726 2573 829 2639 νε.
882 2573 1057 2639 1012
1120 2577 1363 2652 μήποτε
1426 2577 1493 2640 ἐκ
1555 2583 1668 2649 τῆς
1718 2578 2038 2656 Εὐριπίδου
2091 2579 2369 2652 Μηδείας
2417 2578 2562 2662 [96]
2613 2580 3031 2660 παραγράφει

644 2663 849 2745 ἐκεῖνα
910 2677 995 2760 ,,ὦ
1045 2681 1335 2756 δύστηνος
1385 2684 1507 2761 ἐγὼ
1556 2685 1758 2759 μελέα
1805 2709 1874 2749 τε
1923 2683 2137 2762 πόνων,
2187 2692 2314 2758 πῶς
2359 2686 2436 2751 ἂν
2484 2685 2808 2763 ὀλοίμαν”.
2855 2683 3030 2753 Cum

641 2789 755 2851 vix
816 2788 1045 2851 umbra
1107 2788 1555 2854 similitudinis
1622 2793 1857 2855 existat
1917 2793 2084 2855 inter
2143 2792 2296 2857 haec
2344 2794 2540 2859 verba
2585 2800 2650 2858 et
2696 2792 3030 2878 parodiam

640 2892 812 2976 apud
858 2892 1389 2979 Aristophanem:

1276 3000 1511 3079 ὀλόμαν
1558 3002 1796 3080 ὀλόμαν
1843 3004 2265 3084 ἀποχηρωθεὶς

1272 3114 1386 3180 τῆς
1433 3108 1495 3173 ἐν
1542 3108 1855 3174 τεύτλοισι
1903 3111 2364 3189 λοχευομένας,

636 3232 842 3297 neque
886 3212 1305 3300 intellegatur
1351 3217 1465 3299 qui
1509 3220 1696 3300 poeta
1741 3218 1906 3280 miro
1945 3214 2062 3281 illo
2105 3216 2524 3296 λοχευομένας
2564 3218 2665 3281 uti
2703 3218 2986 3302 potuerit
3008 3266 3025 3294 ‚

634 3321 761 3382 nisi
806 3322 861 3383 is
895 3340 1088 3404 quem
1131 3320 1377 3385 ridebat
1416 3321 1592 3386 idem
1628 3322 1901 3386 verbum
1939 3321 2066 3387 alio
2115 3322 2356 3387 seilicet
2395 3322 2582 3388 modo
2621 3323 2990 3387 adhibuerit
3008 3371 3025 3400 ,

636 3426 905 3489 minime
971 3426 1244 3491 dubium
1290 3426 1549 3490 videtur
1595 3426 1688 3505 (id
1733 3426 1903 3511 quod
1952 3427 2197 3491 dudum
2240 3427 2648 3494 intellectum
2694 3434 2816 3508 est)
2866 3430 3027 3513 quin

634 3531 1093 3616 Aristophanes
1177 3554 1243 3595 re
1312 3554 1463 3597 vera
1532 3532 1875 3597 Melanthii
1945 3533 2077 3611 (vel
2145 3536 2359 3618 potius
2427 3538 2728 3600 recitatos
2797 3535 2875 3599 ab
2945 3555 3021 3599 eo

634 3634 937 3701 Morsimi
982 3638 1223 3717 fratris)
1270 3658 1491 3703 versus
1534 3637 1908 3702 traduxerit.
1972 3637 2096 3717 Qui
2141 3639 2359 3722 quales
2405 3641 2644 3705 fuerint
2688 3661 2803 3726 pro
2852 3645 3024 3705 certo

634 3741 895 3825 quidem
942 3742 1066 3807 dici
1111 3746 1367 3827 nequit,
1418 3744 1526 3809 sed
1570 3750 1788 3808 tamen
1831 3765 1958 3809 non
2003 3744 2197 3831 longe
2246 3767 2283 3810 a
2330 3768 2480 3811 vero
2529 3746 2814 3811 aberrare
2855 3747 3024 3810 mihi

632 3846 852 3912 videor
898 3853 1182 3912 statuens
1230 3870 1337 3913 eos
1385 3850 1580 3913 fuisse
1628 3850 1757 3914 fere
1805 3849 2000 3914 tales:

1266 3944 1504 4032 ὀλόμαν
1548 3954 1787 4031 ὀλόμαν
1828 3957 2448 4040 ἀποχηρωθεῒσ’,

962 4148 966 4153 ¹
1268 4058 1313 4125 ἅ
1360 4064 1488 4141 σφ’
1539 4062 1597 4125 ἐν
1648 4062 1988 4138 καμάτοισι
2039 4063 2652 4142 λοχευσαμένα.

625 4166 1022 4231 Huiusmodi
1086 4172 1256 4233 certe
1318 4167 1604 4253 querelas
1652 4168 1952 4233 Medeam
1998 4175 2144 4254 post
2188 4175 2622 4255 perpetratam
2666 4170 3022 4237 liberorum

630 4273 889 4338 caedem
934 4273 1311 4338 fundentem
1355 4274 1653 4339 inducere
1701 4277 1917 4359 potuit
1963 4282 2170 4359 poeta.
2221 4275 2404 4355 Quod
2451 4280 2507 4341 si
2551 4284 2720 4343 recte
2759 4280 3020 4356 conieci,

628 4401 753 4445 non
802 4377 1086 4458 Cleonis,
1138 4387 1213 4445 ut
1260 4402 1409 4447 oum
1457 4380 1770 4446 Elmsleio
1819 4383 2142 4447 statuebat
2178 4383 2502 4450 Fritzsohe
2543 4385 2622 4449 ad
2659 4385 2817 4452 Ran.
2864 4385 3021 4465 151,

630 4485 741 4551 sed
788 4486 1062 4555 Medeae.
1100 4492 1313 4572 partes
1358 4490 1427 4552 in
1475 4490 1854 4574 cognomine
1898 4489 2118 4554 fabula
2164 4492 2302 4576 egit
2348 4490 2762 4557 Melanthius.
