3351 5463
1368 385 1689 432 REPMATA.
2529 368 2536 374 ’
2594 369 2721 434 361

340 547 649 635 Agesilai.
714 545 955 616 Cohors
1014 548 1325 633 quaedam
1388 549 1635 615 editum
1699 550 1914 616 locum
1960 557 2331 637 occuparat;
2379 574 2506 617 nox
2553 557 2722 631 erat3

341 653 567 739 pluvia
628 673 777 718 cum
836 652 1148 741 grandine
1210 657 1563 720 commixta
1617 657 1889 721 miseros
1947 656 2194 722 milltes
2254 639 2558 724 vexabat:
2610 665 2726 722 τῶν

340 760 467 837 γὰρ
528 768 609 839 τῦ
672 759 833 842 μόρᾳ
892 758 1197 840 φερόντων
1246 760 1333 824 τὰ
1380 762 1551 824 σιτία
1598 761 1830 832 οὐδενὸς
1883 767 2001 841 πῦρ
2049 763 2688 842 εἰσενεγκόντος
2705 812 2721 843 ,

342 864 469 929 κτὲ.
519 863 647 930 Hic
694 863 1133 930 Hartmannus
1180 869 1351 930 recte
1398 868 1594 930 sensit
1637 869 2052 952 participium
2090 871 2160 932 in
2199 868 2430 934 mendo
2471 868 2722 946 cubare,

338 990 453 1035 nec
523 975 739 1036 tamen
807 969 1205 1056 periclitatus
1272 976 1382 1045 est,
1436 971 1846 1037 medicinam.
1933 972 2135 1059 Opem
2205 975 2426 1041 feram.
2514 975 2720 1061 Lege:

341 1074 576 1147 οὐδενὸς
637 1079 758 1157 πῦρ
820 1076 1643 1156 παρεισενεγκόντος.
1709 1078 2024 1146 Similiter
2080 1082 2151 1145 in
2211 1079 2392 1146 libris
2439 1086 2722 1146 erratum

336 1180 462 1246 fuit
509 1181 680 1267 apud
725 1180 1029 1248 Flavium
1076 1181 1420 1268 Iosephum
1466 1182 1630 1272 Bell.
1681 1183 1821 1250 Iud.
1871 1185 1935 1251 II
1981 1185 2105 1271 56.

427 1286 634 1352 LXX.
692 1286 854 1354 Ibid.
896 1292 974 1353 ut
1006 1286 1443 1356 laborantibus
1480 1295 1810 1356 succurrat
1824 1340 1840 1369 ‚
1881 1293 2091 1356 mittit
2128 1292 2469 1379 Agesilaus
2504 1292 2724 1359 decem

337 1392 631 1460 homines
690 1393 991 1475 Φέροντας
1056 1396 1174 1472 πῦρ
1231 1395 1292 1458 ἐν
1336 1393 1623 1477 χύτραις.
1684 1395 1917 1462 Audio.
1966 1397 2143 1464 Ἐπεὶ
2193 1398 2246 1462 δ’
2293 1396 2724 1473 ἀνέβησαν

338 1497 535 1572 ἄλλος
583 1496 753 1581 ἄλλῃ
801 1499 903 1563 καὶ
955 1499 1167 1564 πολλοὶ
1206 1498 1311 1564 καὶ
1352 1500 1625 1579 μεγάλα
1664 1502 1829 1580 πυροὶ
1868 1501 2147 1580 ἐγένετο,
2192 1503 2319 1568 κτὲ.
2367 1503 2511 1568 Nox
2550 1507 2718 1581 erat;

338 1603 562 1690 pluvia
606 1611 773 1684 erat3
822 1604 1033 1672 editus
1076 1603 1255 1670 locus
1300 1611 1469 1673 erat:
1507 1609 1716 1672 tutius
1756 1607 1954 1672 fnisse
1993 1607 2230 1673 dixeris
2267 1599 2466 1673 simul
2505 1627 2724 1674 omnes

336 1710 715 1787 adscendere
773 1731 847 1776 ea
907 1712 1139 1778 semita
1155 1759 1171 1789 ‚
1234 1732 1363 1796 qua
1420 1715 1639 1797 paucis
1707 1713 1880 1779 horis
1942 1719 2088 1779 ante
2132 1713 2541 1780 adscenderat
2585 1715 2726 1799 ipsa

324 1799 586 1882 cohors.
650 1814 783 1884 Gur
833 1815 937 1882 1111
984 1815 1299 1893 ἀνέβησαν
1345 1814 1543 1890 ἄλλος
1592 1816 1799 1901 dms?
1845 1819 1990 1884 Non
2035 1840 2142 1884 me
2188 1821 2431 1885 extrico
2480 1826 2544 1884 et
2587 1840 2726 1884 verb

337 1921 496 1987 bum
544 1927 917 2008 corruptum
967 1943 1103 1988 esse
1148 1923 1479 1989 contendo.
1527 1923 1698 2005 Quid
1745 1926 1802 1990 si
1847 1925 2204 2010 Xenophon
2249 1927 2538 2011 scripsit:
2589 1924 2720 1990 ἐπεὶ

337 2028 389 2092 δ’
452 2025 718 2092 ἔναυσαν
792 2025 989 2100 ἄλλος
1059 2026 1248 2108 ἄλλῃ.
1319 2028 1492 2095 Hinc
1560 2032 1916 2098 rectissime
1980 2030 2270 2096 additur:
2338 2030 2550 2096 πολλὰ
2616 2029 2720 2094 ιια)

338 2133 608 2213 μεγαλα
656 2131 839 2215 πυρὰ·
868 2134 1135 2212 ἐγένετο.

427 2239 665 2306 LXXI.
750 2240 869 2306 Est
944 2241 1137 2306 etiam
1207 2243 1478 2307 tertium
1543 2244 1786 2310 vitium
1852 2247 1922 2310 in
1990 2243 2212 2310 eadem
2282 2241 2719 2329 paragrapho:

336 2347 599 2434 ignibus
645 2348 921 2413 accensis
965 2345 1207 2414 milites
1254 2350 1369 2434 qui
1404 2349 1737 2436 hucusque
1775 2351 2014 2436 frigore
2047 2348 2409 2415 laborarent
2427 2396 2458 2427 ‚.
2487 2347 2723 2419 πάντες

338 2455 451 2531 μὲν
522 2451 1011 2534 ἠλείφοντο,
1084 2452 1303 2520 πολλοὶ
1374 2453 1439 2519 δὲ
1508 2454 1613 2520 καὶ
1685 2455 2046 2529 ἐδείπνησαν
2109 2454 2177 2531 ἐξ
2239 2455 2465 2534 ἀρχῆς.
2535 2452 2719 2519 Nihil

336 2560 653 2624 miramur
710 2575 970 2626 coenam
1030 2560 1456 2624 instauratam
1518 2559 1716 2626 fuisse
1732 2609 1750 2639 ,
1806 2581 1957 2627 nam
2004 2559 2314 2644 quamdiu
2361 2560 2686 2645 frigebant
2702 2606 2720 2632 ,

336 2669 413 2730 ut
475 2685 669 2750 supra
725 2663 988 2752 legitur,
1052 2663 1303 2741 ἀθύμως
1364 2661 1535 2745 εἶχον
1596 2669 1744 2746 πρὸς
1791 2666 1859 2729 τὸ
1908 2665 2176 2748 δεῖπνον·
2229 2663 2339 2733 sed
2385 2683 2498 2729 cur
2541 2666 2722 2751 prius

336 2768 702 2851 ἠλείφοντοῖ
762 2770 889 2835 Hic
951 2776 1252 2857 provocat
1314 2770 1840 2839 Breitenbachius
1902 2771 1982 2838 ad
2047 2773 2368 2839 Anabasin
2386 2817 2404 2848 ‚
2466 2773 2538 2835 in
2597 2789 2722 2855 qua
2849 2771 2853 2775 ⁴

333 2875 617 2963 legimus
674 2875 784 2941 IV.
852 2876 1050 2955 4.12,
1114 2876 1267 2961 quid
1325 2877 1571 2944 milites
1615 2881 1686 2943 in
1731 2880 2070 2945 Armeniae
2118 2878 2390 2945 saltibus
2436 2876 2720 2943 fecerint.

332 2984 545 3052 Noctu
590 2985 884 3049 ninxerat
927 3004 1041 3049 nec
1081 2987 1297 3049 tamen
1340 2986 1537 3049 nimis
1584 2985 1792 3073 frigus
1841 2990 2165 3052 senserant
2185 3032 2201 3063 ‚
2239 3004 2393 3049 nam
2435 3005 2724 3048 κατακει-

334 3089 527 3167 μένων
570 3088 841 3154 ἀλεεινὸν
882 3082 948 3161 ἦν
992 3090 1025 3163 ἦ
1064 3086 1218 3169 χιὼν
1254 3091 1746 3156 ἐπιπεπτωκυῖα.
1795 3090 2022 3178 Surgit
2063 3089 2420 3175 Xenophon
2440 3108 2455 3166 3
2500 3087 2722 3154 deinde

338 3193 577 3281 reliqui
636 3213 857 3259 omnes
918 3199 984 3258 et
1045 3198 1162 3273 πῦρ
1228 3190 1405 3258 ἔκαον
1453 3195 1558 3260 καὶ
1609 3196 1903 3277 ἐχρίοντο.
1951 3195 2050 3261 Ita
2095 3201 2224 3273 est3
2277 3194 2385 3260 sed
2430 3192 2720 3260 additur:

342 3300 505 3369 πολὺ
553 3300 681 3381 γὰρ
726 3301 989 3365 ἐνταῦθα
1038 3299 1342 3379 εὑρίσκετο
1378 3308 1593 3380 χρῖμα
1617 3349 1636 3380 ,
1687 3295 1730 3383 ᾧ
1778 3302 2041 3381 ἐχρῶντο
2087 3301 2223 3365 ἄντ’
2272 3298 2482 3364 ἐλαίου
2530 3298 2724 3363 σύειον

336 3405 444 3471 καὶ
511 3403 846 3483 σησάμινον
911 3404 1014 3468 καὶ
1079 3403 1526 3482 ἀμυγδάλινον.
1588 3406 1724 3471 Nec
1779 3404 2089 3473 dissimile
2137 3409 2234 3470 est
2281 3404 2450 3489 quod
2495 3403 2725 3469 Livius

338 3510 538 3577 XXI.
587 3508 671 3575 55
736 3510 816 3603 de
874 3509 1257 3577 Hannibalis
1311 3510 1630 3578 militibus
1675 3515 1746 3577 in
1791 3515 2069 3578 transitu
2115 3512 2437 3597 Apennini
2485 3512 2724 3575 montis

340 3616 638 3694 tradidit,
685 3619 975 3701 itemque
1020 3618 1257 3703 poterit
1300 3618 1570 3684 conferri
1616 3619 1910 3684 Frontini
1951 3618 2338 3703 Strategem.
2386 3616 2435 3681 Ι.
2486 3614 2549 3679 4.
2581 3612 2618 3681 '7
2660 3620 2724 3680 et

338 3722 423 3789 11.
475 3722 536 3787 5.
563 3722 671 3802 23,
720 3724 834 3789 ubi
878 3722 1005 3788 loci
1050 3723 1129 3789 ab
1177 3724 1634 3808 interpretibus
1681 3724 1929 3790 collecti
1968 3721 2562 3790 commonstrabunt
2601 3719 2725 3787 olei

336 3850 539 3895 usum
594 3850 722 3896 non
784 3832 1069 3895 constare
1113 3829 1239 3894 nisi
1282 3830 1545 3915 ignibus
1590 3837 1777 3897 antea
1822 3831 2122 3897 accensis.
2167 3828 2292 3894 Sed
2337 3846 2495 3893 num
2542 3825 2727 3911 Spar-

333 3936 474 4001 tani
536 3956 761 4013 secum,
800 3936 869 4015 in
908 3940 1194 4000 montem
1243 3933 1458 4005 oleum
1504 3933 1880 4021 portarent?
1930 3935 2002 4001 Si
2049 3936 2216 4000 dices
2264 3953 2406 4000 eam
2455 3930 2726 4016 quotidi-

338 4061 529 4106 anam
574 4041 772 4106 fuisse
810 4037 1198 4105 Graecorum
1237 4043 1764 4108 consuetudinem
1781 4091 1798 4119 ‚
1839 4047 1915 4106 ut
1955 4062 2088 4107 sese
2127 4039 2263 4105 oleo
2302 4039 2688 4123 inungerent
2706 4084 2722 4113 ‚

337 4145 723 4231 respondebo
784 4144 950 4211 nihil
1004 4165 1140 4211 esse
1186 4164 1411 4211 causae
1457 4168 1572 4214 cur
1616 4148 1975 4233 Xenophon
2020 4166 2158 4211 rem
2203 4165 2372 4210 nunc
2417 4163 2726 4208 memora-

340 4252 529 4319 verit.
568 4251 841 4319 Interest
878 4258 1197 4338 praeterea
1233 4250 1477 4337 aliquid
1515 4256 1685 4320 inter
1723 4254 1793 4318 τὸ
1835 4252 2206 4332 ἀλείφεσθαι
2235 4254 2299 4315 et
2324 4249 2391 4313 τὸ
2417 4248 2722 4330 χρίεσθαι.

336 4356 891 4437 Quemadmodum
976 4354 1387 4424 casaubonus
1466 4361 1690 4426 scribit
1755 4362 1824 4425 in
1893 4351 2580 4424 Animadversionibus
2645 4354 2726 4421 ad

332 4463 740 4531 Athenaeum
802 4486 865 4551 p.
916 4461 1071 4542 976,
1132 4464 1509 4548 ἀλείφεσθαι
1568 4468 1901 4553 proprium
1949 4470 2046 4533 est
2092 4463 2610 4551 voluptariorum
2658 4468 2724 4528 et

902 4580 915 4591 ⁶
2366 4585 2432 4634 24
