3351 5463
1128 434 1215 480 1111
1258 434 1419 481 noco
1465 432 1815 481 monaoms.
2531 413 2660 478 115

287 594 459 681 quod
520 616 669 661 sane
729 595 1027 661 omnibus
1088 602 1319 661 notum
1380 602 1478 662 est
1495 645 1511 674 ,
1577 595 1945 681 disciplinas
2005 597 2336 661 historicas
2399 601 2462 660 et
2509 618 2668 681 quae

286 707 611 785 praeterea
664 701 743 765 ad
799 705 1231 788 cognitionem
1294 704 1700 787 antiquitatis
1761 704 2184 787 pertinerent,
2235 704 2532 787 quamvis
2580 723 2674 765 es·

286 811 431 870 sent
490 805 681 892 longe
745 806 1028 873 diversae
1094 828 1131 871 a
1192 807 1423 872 studiis
1489 808 1721 892 quibus
1774 806 1873 871 'I'u
1919 811 2292 892 praesertim
2339 812 2477 892 ipse
2501 806 2672 871 mibi

287 912 531 977 famam
595 915 919 1000 insignem
989 920 1053 977 et
1112 912 1369 978 laudem
1430 934 1758 977 summam
1819 913 1989 998 apud
2048 934 2268 978 omnes
2327 916 2669 998 paravisti,

284 1037 497 1102 neque
542 1037 579 1081 a
625 1015 713 1082 Te
749 1039 1061 1103 umquam
1109 1022 1292 1103 parvi
1336 1021 1705 1083 aestimatas
1751 1039 1886 1082 esse
1931 1040 2134 1103 neque
2172 1040 2322 1083 vero
2360 1039 2672 1103 umquam

288 1123 581 1187 omissas.
641 1122 734 1185 Ea
793 1143 893 1186 res
954 1128 1099 1186 tum
1159 1143 1411 1208 quoque
1473 1144 1577 1187 me
1632 1122 2068 1199 confirmavit,
2134 1143 2283 1187 cum
2329 1122 2672 1188 consilium

286 1230 679 1311 susciperem
740 1227 934 1291 huius
990 1230 1352 1312 scriptionis
1415 1226 1563 1291 Tibi
1626 1227 2042 1309 dedicandae;
2103 1232 2273 1292 certo
2321 1230 2494 1292 enim
2539 1227 2672 1291 fore

284 1333 571 1397 sciebam
586 1380 603 1410 ,
653 1331 964 1417 quidquid
1010 1338 1177 1397 esset
1213 1332 1381 1417 quod
1415 1332 1493 1397 ad
1533 1330 2050 1417 explanationem
2089 1333 2494 1415 antiquitatis
2534 1353 2674 1395 con-

282 1438 573 1501 tribuere
638 1457 893 1502 conarer
910 1485 926 1514 ,
998 1444 1075 1502 ut
1143 1438 1210 1500 id
1272 1458 1309 1502 a
1372 1436 1461 1501 'Pe
1477 1485 1494 1515 ,
1561 1436 1906 1523 diligenter
1970 1457 2384 1521 perpensum,
2446 1435 2675 1500 leniter

282 1542 701 1606 iudicaretur.
766 1541 903 1620 Quo
950 1543 1147 1606 etiam
1194 1543 1312 1607 hoc
1359 1545 1653 1619 accessit,
1705 1542 1874 1627 quod
1911 1541 2167 1607 nullum
2212 1540 2414 1606 alium
2459 1540 2675 1606 locum

284 1653 435 1711 tam
501 1646 802 1712 idoneum
872 1667 1005 1711 esse
1072 1648 1401 1711 censebam
1464 1650 1534 1711 in
1596 1669 1720 1732 quo
1779 1646 2032 1731 publice
2095 1645 2242 1711 Tibi
2280 1645 2639 1732 gratularer
2656 1694 2672 1723 ,

282 1772 491 1836 quam
552 1752 714 1817 hanc
774 1756 1060 1816 nostram
1121 1788 1205 1799 —
1270 1753 1395 1815 nisi
1454 1755 1691 1817 rectius
1745 1752 1959 1817 dixero
2006 1751 2211 1816 'I'uam
2260 1788 2344 1800 -
2388 1750 2676 1815 Mnemo-

282 1876 519 1941 synen.
581 1856 750 1920 Nam
812 1877 959 1920 cum
1019 1859 1208 1940 pauci
1267 1856 1607 1921 dumtaxat
1650 1860 1782 1921 sint
1829 1859 1979 1921 anni
2025 1878 2103 1920 ex
2149 1878 2275 1941 quo
2323 1877 2443 1941 ego
2490 1876 2675 1921 curae

278 1963 491 2026 huius
552 1960 985 2026 Bibliothecae
1044 1964 1359 2047 particeps
1412 1962 1618 2027 factus
1667 1984 1813 2026 sum
1833 2008 1849 2039 ,
1911 1961 2010 2025 'ru
2056 1963 2190 2025 iam
2237 1960 2446 2026 multo
2491 1966 2677 2025 antea

280 2070 434 2133 eius
495 2075 836 2153 patronum
892 2074 957 2131 te
1016 2069 1404 2152 praebuisti,
1466 2067 1788 2133 natalibus
1825 2052 2239 2132 'renascentis
2303 2067 2640 2152 praefuisti
2657 2115 2673 2144 ,

282 2179 551 2237 curator
608 2173 1025 2261 adolescentis
1084 2179 1149 2237 et
1198 2175 1332 2236 iam
1380 2172 1632 2237 adultae
1670 2175 1950 2237 extitisti
1994 2172 2157 2237 fidus
2205 2178 2271 2237 et
2315 2172 2504 2237 officii
2550 2172 2679 2257 ple-

278 2298 437 2341 nus.
517 2279 749 2362 Accipe
817 2280 1022 2363 igitur
1085 2278 1512 2362 quidcumque
1575 2283 1673 2342 est
1738 2277 1905 2363 quod
1966 2278 2225 2343 honoris
2287 2298 2476 2342 causa
2536 2277 2675 2342 Tuo

278 2385 553 2447 nomine
619 2385 950 2468 inscripsi,
1024 2404 1148 2468 quo
1208 2386 1334 2448 nisi
1394 2384 1549 2467 quid
1611 2383 1786 2448 aliud
1847 2384 1964 2448 1100
2021 2383 2248 2448 saltem
2291 2383 2500 2448 laudis
2547 2404 2678 2447 me-

278 2490 501 2553 ruisse
561 2487 729 2551 mihi
781 2487 1021 2565 videor,
1064 2488 1232 2573 quod
1278 2487 1452 2552 effeci
1498 2492 1573 2552 ut
1619 2488 1808 2552 hodie
1854 2486 1992 2551 'I'uo
2041 2490 2300 2551 nomine
2347 2508 2549 2553 vacua
2594 2508 2672 2550 ne

282 2599 467 2659 esset
509 2594 665 2657 haec
711 2596 968 2678 pagina.

385 2803 943 2891 Interpretandum
1005 2804 1170 2870 mihi
1239 2807 1543 2892 proposui
1594 2805 1811 2871 locum
1875 2803 2196 2872 Ciceronis
2215 2852 2230 2882 ‚
2281 2806 2392 2888 qui
2435 2804 2679 2890 legitur

276 2915 360 2976 in
426 2910 598 2975 Orat.
664 2911 739 2974 de
800 2910 929 2997 leg.
995 2932 1131 2997 agr.
1197 2911 1259 2975 2.
1290 2910 1349 2975 9.
1378 2910 1499 2976 24:
1563 2912 1991 2988 „Praesentem
2041 2909 2326 2993 profiteri
2371 2910 2532 2972 iubet
2581 2910 2678 2972 lex

280 3016 561 3080 Servibo'a
577 3064 593 3093 ,
657 3018 815 3100 quod
868 3017 1043 3078 nulla
1090 3016 1221 3079 alia
1270 3017 1337 3078 in
1383 3017 1508 3097 Zeye
1554 3040 1828 3102 umquam
1856 3016 2004 3100 fuit
2021 3067 2037 3100 ,
2088 3038 2162 3078 ne
2199 3015 2268 3077 aba
2315 3014 2402 3077 eis
2449 3014 2682 3098 quidem

286 3121 749 3201 mcvi-stratibus
792 3143 1035 3206 quorum
1081 3129 1276 3185 certus
1322 3124 1464 3185 ordo
1515 3123 1666 3187 θεῖ’.

397 3225 573 3310 Opus
633 3247 759 3290 non
822 3231 918 3290 est
980 3226 1318 3291 admonere
1378 3234 1693 3312 quantum
1747 3246 2229 3310 nonnumquam
2277 3223 2554 3289 valuerit
2616 3226 2685 3287 in

282 3333 577 3397 fortunis
639 3351 1041 3395 summorum
1103 3333 1389 3412 virorum
1445 3332 1881 3396 Romanorum
1941 3329 2168 3416 regula
2227 3328 2342 3393 illa
2388 3349 2512 3413 qua
2557 3349 2684 3392 non

282 3436 537 3501 licebat
592 3437 871 3500 comitiis
933 3437 1245 3499 rationem
1306 3437 1526 3501 haberi
1590 3440 1728 3501 eius
1793 3438 1905 3521 qui
1965 3455 2092 3498 non
2138 3433 2382 3498 adesset
2419 3453 2492 3498 eo
2533 3439 2689 3497 tem-

285 3562 455 3627 pore
539 3561 663 3624 quo
749 3539 1174 3625 profitendum
1248 3548 1431 3606 esset.
1510 3543 1571 3606 N
1575 3544 1941 3606 otissimnm
2003 3537 2372 3623 exemplum
2431 3538 2689 3623 praebet

288 3646 572 3722 Caesar,
636 3665 691 3709 a.
760 3644 845 3709 60
906 3666 1019 3729 pro
1073 3651 1364 3730 praetore
1426 3667 1503 3710 ex
1550 3647 1865 3732 Hispania
1903 3664 2230 3721 reversus;
2281 3645 2338 3706 is
2383 3663 2420 3707 a
2465 3648 2691 3706 senatu

282 3743 651 3837 impetrare
712 3771 839 3815 non
899 3753 1112 3836 potuit
1159 3757 1237 3815 ut
1252 3798 1267 3828 ‚
1316 3750 1571 3838 legibus
1619 3752 1816 3817 soluti
1864 3755 1928 3816 et
1974 3750 2054 3814 ad
2095 3748 2326 3813 urbem
2372 3749 2691 3812 manentis

286 3860 505 3923 donec
543 3857 950 3942 triumphans
987 3859 1317 3934 introiret,
1358 3859 1670 3922 rationem
1711 3860 1847 3922 eius
1892 3856 2112 3921 haberi
2148 3853 2370 3918 liceret
2411 3854 2690 3917 comitiis

285 3966 445 4029 eius
515 3965 664 4026 anni
732 3983 882 4026 cum
951 3960 1237 4026 consules
1308 3969 1704 4040 crearentur;
1777 3962 1941 4026 hanc
1997 3961 2078 4024 ob
2143 3979 2400 4024 causam
2464 3955 2694 4024 Caesar

288 4068 535 4132 statim
582 4066 809 4129 urbem
852 4068 1178 4151 ingressus
1197 4113 1213 4142 ,
1263 4069 1498 4131 omisso
1543 4067 1872 4151 triumpho
1898 4114 1915 4142 ,
1964 4063 2185 4129 consul
2230 4064 2438 4127 factus
2483 4066 2602 4126 est.

398 4167 642 4250 Verum
702 4171 907 4234 fuitne
971 4168 1048 4232 ad
1112 4190 1353 4234 annum
1400 4170 1484 4235 63
1505 4220 1521 4249 ,
1568 4193 1695 4256 quo
1744 4192 1907 4235 anno
1955 4173 2217 4234 ineunte
2263 4168 2458 4234 verba
2503 4186 2694 4252 supra

286 4277 547 4360 scripta
603 4277 671 4338 in
734 4277 1027 4339 contione
1090 4274 1293 4339 edidit
1353 4273 1606 4355 Cicero,
1669 4276 1852 4341 nulla
1912 4275 2018 4340 lex
2081 4295 2242 4359 quae
2291 4274 2540 4338 iuberet
2587 4292 2694 4336 eos

286 4382 419 4466 qui
487 4381 946 4464 magistratum
1008 4377 1292 4462 aliquem
1350 4388 1640 4466 peterent
1689 4403 1762 4446 eo
1814 4386 2100 4465 tempore
2147 4378 2388 4444 Romae
2435 4373 2694 4442 adesse?

286 4484 409 4550 Ita
454 4486 674 4549 visum
718 4489 817 4548 est
861 4481 1181 4568 plerisque
1227 4486 1385 4550 viris
1431 4485 1669 4568 doctis;
1721 4486 1790 4550 hi
1839 4489 2206 4552 statuerunt
2243 4481 2444 4548 talem
2479 4480 2694 4567 legem
