3351 5463
709 368 802 436 30
1782 389 2013 440 mms.

710 556 959 618 veniret
1017 556 1300 651 nondum)
1361 560 1426 620 et
1485 561 1705 640 aptam
1760 555 2160 620 indutiarum
2217 557 2609 628 mentionem
2654 557 2929 620 iniciunt
2948 605 2964 634 ,
3014 561 3099 620 ut

710 658 956 725 videbit
1001 663 1114 746 qui
1161 663 1490 747 sequentia
1534 661 1792 744 legerit.

803 875 986 940 Addo
1027 875 1243 940 locum
1292 897 1369 941 ex
1417 876 1580 942 libro
1627 875 1866 940 XXVI.

802 1002 854 1044 c.
911 979 1012 1045 19.
1043 980 1104 1045 6.
1169 981 1294 1044 Hic
1345 1005 1465 1045 mos
1483 1030 1499 1058 ‚
1549 1005 1715 1066 quem
1748 1005 1865 1063 per
1911 1003 2129 1044 omnem
2175 981 2359 1044 vitam
2404 989 2668 1044 servaret
2712 985 2967 1066 (nempe
3017 987 3101 1046 ut

711 1084 925 1168 Scipio
967 1086 1128 1148 solus
1174 1086 1242 1148 in
1287 1093 1504 1149 secreto
1551 1094 1775 1167 tempus
1836 1093 2050 1149 tereret
2119 1088 2188 1149 in
2250 1083 2593 1169 Capitolio)
2660 1107 2763 1149 seu
2826 1088 3099 1150 consulto

709 1213 812 1254 seu
851 1198 1060 1254 temere
1095 1192 1374 1272 vulyatae
1419 1192 1694 1274 opinioni
1724 1194 1914 1274 fidem
1963 1193 2130 1272 apud
2172 1193 2453 1276 quosdam
2482 1191 2656 1276 fecit
2700 1192 2912 1273 stirpis
2962 1215 3100 1256 eum

712 1295 956 1358 divinae
1013 1297 1206 1359 virum
1267 1319 1390 1360 esee
1453 1297 1801 1381 rettulitque
1845 1300 2091 1382 famam
2151 1297 2220 1360 in
2268 1298 2615 1380 Alemandrq
2662 1320 2869 1378 maqno
2904 1299 3100 1380 prius

712 1400 1011 1480 vulqatam
1029 1449 1044 1476 ,
1109 1408 1167 1463 et
1224 1403 1492 1465 vanitate
1552 1410 1626 1465 et
1653 1403 1812 1486 fab
1832 1402 1915 1465 ul
1930 1427 1969 1466 α
2001 1425 2215 1484 parem
2234 1450 2251 1479 ‚
2302 1402 2519 1482 anquis
2562 1402 2839 1466 immanis
2884 1425 3099 1467 conov-

716 1504 843 1566 bitu
891 1511 1244 1586 conceptam.

803 1607 999 1673 Fama
1054 1609 1167 1674 illa
1227 1609 1572 1675 Alexandri
1630 1616 1697 1676 et
1739 1610 2053 1696 Scipionis
2105 1613 2343 1676 dicitur
2390 1632 2524 1676 esse
2561 1635 2690 1694 par
2739 1618 2925 1697 (puta
2970 1613 3099 1676 sibi

705 1735 831 1796 par
890 1716 959 1776 in
1017 1719 1290 1799 utroque
1334 1719 1474 1780 viro
1491 1763 1508 1793 ,
1560 1737 1950 1802 quamquam
1996 1718 2115 1782 hoc
2163 1720 2319 1781 satis
2363 1718 2628 1782 obscure
2674 1717 2947 1798 dictum)
2994 1741 3105 1781 va-

712 1817 906 1881 nitate
951 1825 1008 1882 et
1036 1820 1274 1904 fabula
1290 1868 1307 1898 ,
1357 1821 1470 1885 ubi
1501 1823 1739 1907 fabula
1785 1822 2131 1888 insolenter
2177 1827 2565 1906 usurpatum
2609 1826 2751 1906 pro'
2774 1823 3098 1888 abstracto

711 1923 1020 1990 vocabulo
1064 1926 1445 2011 fabulositas
1503 1925 1789 2007 (Weiss.:
1844 1931 1954 2004 „in
2003 1927 2354 1993 Riicksicht
2402 1927 2523 1991 auf
2561 1927 2670 1992 das
2719 1926 3101 1994 Fabelhafte
3198 2007 3207 2016 ·

712 2028 822 2094 der
882 2028 1340 2116 Erzahlung”).
1415 2029 1672 2096 Gonicio
1738 2039 1797 2094 et
1857 2032 2128 2094 vanitate
2191 2035 2260 2112 (i.
2290 2052 2342 2095 e.
2394 2030 2684 2112 levitate)
2730 2033 3107 2117 fabulae

703 2157 916 2216 parem
934 2183 950 2211 ,
1015 2138 1255 2199 etenim
1320 2135 1578 2213 „fabula
1637 2143 1734 2201 est
1800 2158 1959 2222 quae
2007 2158 2211 2222 neque
2258 2157 2441 2202 veras
2486 2157 2691 2221 neque
2736 2139 2875 2202 veri
2920 2140 3109 2204 simi-

710 2237 806 2302 les
852 2242 1132 2304 continet
1177 2239 1320 2304 res’'
1370 2241 1476 2320 (ad
1523 2241 1679 2306 Her.
1736 2241 1794 2306 1.
1830 2241 1959 2322 13).

1149 2689 1529 2739 comusrrun
1575 2689 1959 2741 mucrmms
2003 2690 2204 2740 Locus
2250 2671 2403 2738 VIII
2452 2674 2485 2738 1
2540 2671 2661 2758 53.

808 2868 1047 2951 Notam
1107 2870 1712 2956 tachygraphicam,
1776 2892 1901 2956 qua
1949 2870 2197 2956 syllaba
2242 2894 2325 2933 -ον
2373 2872 2441 2932 in
2486 2869 2809 2933 codJ‘cibus
2856 2867 3105 2931 litteris

717 2973 1096 3037 minusculis
1164 2978 1416 3060 scriptis
1483 2976 1750 3040 indicari
1822 2975 1983 3040 solet
1998 3024 2014 3053 ,
2087 2977 2343 3059 spiritui
2403 2976 2592 3060 gravi
2650 2971 3059 3037 simillimam
3085 3020 3104 3049 ‚

718 3074 1078 3143 multorum
1138 3100 1424 3144 errorum
1485 3084 1773 3145 extitisse
1833 3102 2090 3146 causam
2110 3129 2126 3156 ,
2189 3101 2289 3143 res
2352 3088 2449 3144 est
2495 3082 2693 3144 etiam
2738 3076 3107 3143 iunioribus

719 3186 940 3268 opinor
974 3183 1322 3271 philologis
1361 3189 1514 3251 satis
1553 3207 1865 3271 superque
1904 3193 2073 3250 nota.
2122 3183 2246 3249 Sed
2284 3187 2397 3250 vix
2419 3183 2809 3249 luculentius
2832 3183 3108 3266 reperiri

717 3291 955 3373 poterit
1000 3290 1193 3354 huius
1238 3294 1488 3376 generis
1535 3294 1845 3356 vitiorum
1887 3288 2257 3373 exemplum
2298 3310 2492 3373 quam
2532 3288 2701 3373 quod
2737 3290 2806 3353 in
2844 3286 3108 3371 Thucy-

720 3393 884 3457 didis
945 3399 1126 3459 textu
1186 3395 1572 3485 ludificavit·
1605 3397 1880 3461 editores
1945 3394 2059 3471 l.l.,
2123 3396 2236 3459 ubi
2283 3394 2360 3458 de
2408 3393 2905 3458 Atheniensibus
2950 3398 3107 3476 post

720 3498 965 3563 cladem
1011 3498 1295 3564 Siculam
1342 3503 1528 3565 rebus
1577 3501 1861 3566 adversis
1911 3500 2128 3565 cedere
2178 3498 2537 3584 dedignatis
2584 3499 2739 3563 haec
2787 3496 3106 3582 leguntur

719 3604 999 3683 (excribo
1046 3605 1389 3670 editionem
1433 3606 2097 3681 Herwerdenianam):

811 3706 972 3787 ὅμως
1043 3709 1094 3773 δ’
1154 3713 1228 3782 ὥς
1305 3696 1406 3775 ἐκΑΔ
1441 3718 1559 3775 τῶν
1623 3712 2023 3792 ὑπαρχόντων
2088 3709 2275 3773 ἐδόκει
2338 3716 2563 3789 χρῆναι
2626 3710 2713 3783 μὴ
2772 3704 3101 3785 ἐνδιδόναι,

719 3815 895 3878 ἄλλα
959 3815 1534 3897 παρασκευάζεσθαι
1596 3823 1643 3893 †
1706 3818 1809 3883 καὶ
1876 3814 2176 3893 ναυτικόν,
2242 3810 2369 3879 ὅθεν
2432 3813 2508 3878 ἂν
2570 3814 2861 3879 δύνωνται
2928 3811 3104 3888 ξύλα

720 3918 1282 3998 ξυμπορισαμένους
1345 3922 1450 3985 καὶ
1513 3926 1856 4001 χρήματα,
1920 3920 2026 3985 καὶ
2092 3920 2175 3984 τά
2238 3928 2409 4001 (τε)
2472 3926 2587 3984 τῶν
2634 3918 2993 3999 ξυμμάχων
3032 3916 3103 3989 ἐς

721 4025 1084 4103 ἀσφάλειαν
1133 4029 1427 4092 ποιεῖσθαι
1479 4028 1582 4092 καὶ
1624 4030 1912 4104 μάλιστα
1954 4028 2063 4098 τὴν
2104 4024 2403 4100 Εὔβοιαν.
3032 4101 3037 4107 .

813 4129 973 4194 Vitii
1032 4135 1236 4215 aperti
1294 4135 1501 4217 ipsam
1565 4134 1780 4197 sedem
1842 4133 2047 4197 editor
2108 4136 2355 4194 nostras
2401 4129 2748 4207 indicavit,
2794 4148 2947 4193 nam
2986 4127 3097 4191 καὶ

723 4235 1001 4301 ναυτικόν
1048 4235 1206 4301 olim
1251 4238 1377 4302 fuit
1426 4239 1703 4303 καινὸν
1752 4237 2033 4301 ναυτικόν
2078 4236 2599 4316 (καιν“ναυτικο’ν).

2712 4339 2772 4404 J.
2820 4356 2883 4404 v.
2930 4338 3005 4405 L.
