3351 5463
724 386 856 452 326
1733 401 2102 450 nocuimus.

792 568 858 632 H
904 554 1031 633 931
1082 567 1264 647 Quod
1312 571 1367 632 si
1414 568 1574 633 forte
1621 567 1852 652 aliquis
1900 565 2103 643 dicet,
2153 565 2488 632 dumtaxat
2535 568 2689 631 oriri

1080 693 1263 758 posse
1310 693 1388 737 ex
1433 694 1558 737 non
1605 692 1796 736 sensu
1841 691 2061 736 sensus
2108 670 2546 736 mutabilitate
2564 718 2582 748 ‚

1080 784 1192 842 aut
1238 776 1453 861 aliquo
1499 782 1833 861 tamquam
1881 781 2071 860 partu
2091 823 2107 852 ,
2157 781 2406 860 quo(m)
2453 775 2776 861 proditur·
2796 781 2999 853 extra,

1081 882 1233 947 huic
1280 885 1437 946 satis
1482 881 1646 947 illud
1693 885 1817 947 erit
1865 881 2129 966 planum
2175 883 2378 946 facere
2423 887 2614 966 atque
2662 883 2924 965 probare

904 987 1035 1051 935
1081 1009 1207 1052 non
1252 987 1391 1052 fieri
1439 994 1699 1072 partum
1748 990 1874 1052 nisi
1922 987 2192 1053 concilio
2241 993 2386 1052 ante
2435 993 2685 1065 coact0,

1080 1115 1194 1158 nec
1240 1096 1584 1178 quicquam
1630 1095 2018 1158 commutari
2063 1096 2198 1157 sine
2243 1093 2611 1158 conciliatu.
2652 1099 2656 1103 ’

1082 1201 1395 1283 principio
1441 1203 1770 1283 nequeunt
1815 1196 2015 1261 ullius
2063 1199 2310 1282 coporis
2357 1219 2494 1262 esse

1085 1323 1307 1368 sensus
1354 1310 1498 1369 ante
1544 1305 1753 1389 ipsam
1800 1305 2088 1389 genitam
2130 1310 2432 1368 naturam
2481 1305 2830 1368 animantis

1084 1410 1151 1472 ni
1194 1411 1432 1472 mirum
1456 1455 1473 1485 ,
1524 1411 1674 1492 quia
1722 1410 2021 1473 materies
2067 1408 2332 1473 disiecta
2379 1413 2634 1473 tenetur

902 1511 1036 1575 940
1082 1516 1222 1576 aere
1243 1557 1258 1587 ,
1307 1512 1681 1577 fluminibus
1701 1559 1717 1589 ,
1767 1515 1954 1578 terris
1974 1560 1990 1590 ,
2044 1517 2339 1597 terraque
2386 1515 2616 1577 creatis
2634 1559 2652 1590 ‚

1088 1637 1202 1682 nec
1249 1637 1587 1704 congressa
1634 1618 1825 1682 modo
1872 1618 2090 1683 vitalis
2137 1621 2582 1684 convenientes

1086 1721 1358 1786 contulit
1404 1725 1573 1787 inter
1619 1744 1688 1788 se
1735 1729 1952 1789 motus
1970 1771 1987 1801 ,
2035 1725 2270 1808 quibus
2298 1727 2752 1795 omnituentes

1086 1829 1329 1890 accensi
1376 1847 1600 1892 sensus
1646 1830 2039 1893 animantem
2089 1849 2410 1913 quamque
2458 1833 2744 1894 tuentur.

814 1930 1079 2016 Brieger
1140 1949 1267 1996 vss.
1333 1929 1694 1997 937—943
1757 1932 2054 1997 seclusit:
2133 1935 2243 2010 „in
2305 1933 2406 1997 his
2469 1932 2762 1998 versibus
2783 1979 2800 2009 ‚
2861 1931 3090 2017 inquit,

725 2039 893 2102 inest
937 2038 1164 2121 petitio
1210 2039 1509 2123 principii
1557 2058 1751 2122 quam
1801 2038 2024 2103 dicunt
2041 2085 2056 2115 ,
2107 2044 2264 2122 puto
2309 2037 2684 2103 Lucretium
2729 2037 2848 2102 hos
2887 2055 3093 2102 versus

728 2141 1184 2205 damnaturum
1231 2143 1426 2206 fuisse
1444 2190 1462 2219 ‚
1511 2145 1566 2206 si
1612 2145 1753 2208 vita
1798 2143 2198 2228 superesset’'
2247 2148 2423 2228 (pag.
2471 2148 2696 2221 xnvn).
2745 2141 2952 2207 Locus
2996 2141 3091 2207 hic

719 2247 989 2330 quidem
1046 2247 1435 2331 perdifficilis
1498 2254 1596 2312 est
1656 2254 1724 2312 et
1780 2248 2087 2312 obscurus
2107 2294 2123 2323 ,
2191 2254 2267 2311 ut
2325 2251 2459 2313 iam
2519 2250 2736 2313 visum
2784 2253 2881 2312 est
2922 2246 3093 2310 Lam-

725 2352 874 2416 bino
895 2396 912 2429 ,
960 2349 1283 2417 Gassendo
1302 2401 1318 2428 ,
1368 2351 1573 2416 Fabro
1594 2401 1609 2429 ,
1661 2349 1964 2418 Oreechio
1983 2400 1999 2430 ,
2048 2352 2355 2419 Munroni
2373 2400 2390 2430 ,
2436 2373 2514 2417 ne
2562 2352 2782 2437 plures
2827 2351 3088 2418 afferam.

724 2456 900 2536 Quae
948 2463 1093 2522 ante
1141 2459 1380 2544 viginti
1426 2458 1555 2522 fere
1601 2479 1795 2523 annos
1843 2458 1919 2523 de
1963 2479 2040 2523 eo
2086 2460 2311 2543 scripsi
2337 2459 2408 2539 ¹),
2455 2457 2729 2523 iuvenili
2776 2457 2992 2524 ardore
3033 2461 3092 2520 et

721 2563 986 2627 audacia
1003 2610 1019 2640 ,
1088 2568 1167 2627 ut
1231 2563 1341 2641 fit,
1405 2584 1573 2628 nunc
1636 2567 1877 2648 partim
1951 2569 2207 2629 tantum
2270 2565 2464 2649 probo
2541 2570 2733 2650 atque
2815 2562 3088 2629 defendo.

722 2667 927 2735 Miror
992 2674 1209 2735 tamen
1277 2669 1695 2756 Briegerum,
1760 2672 1871 2756 qui
1933 2676 2218 2737 ceterum
2279 2691 2453 2737 meas
2515 2673 2912 2737 coniecturas
2970 2689 3090 2735 non

722 2775 1039 2861 neglexit,
1095 2778 1596 2860 praetermisisse
1642 2776 1813 2859 quod
1860 2797 1981 2863 ego
2029 2780 2268 2843 conieci
2293 2776 2347 2856 ⁹)
2393 2798 2520 2843 vss.
2572 2775 2704 2842 933
2751 2774 3088 2861 legendum

721 2901 855 2951 esse
918 2902 1086 2965 quom
1145 2882 1427 2962 proditur
1474 2888 1644 2944 eoetra
1662 2928 1679 2958 ,
1730 2882 1900 2965 quod
1945 2885 2236 2966 proxime
2285 2882 2464 2947 abest
2508 2882 2587 2947 ab
2634 2903 2707 2948 eo
2755 2881 2925 2966 quod
2966 2883 3094 2966 ipse

721 2988 976 3071 scripsit
1032 3009 1143 3071 quo
1193 2985 1485 3069 proditur
1544 2994 1718 3050 extra
1781 2985 2003 3066 (Oodd.
2067 2989 2225 3072 quod
2271 2988 2585 3069 proditum
2631 2994 2852 3068 extra).
2921 2986 3094 3052 Hanc

654 3089 658 3094 ’
721 3112 937 3158 meam
1000 3094 1431 3157 coniecturam
1486 3083 1683 3156 etiam
1730 3112 1898 3156 nunc
1941 3093 2439 3177 'probabiliorem
2488 3093 2649 3159 duco
2696 3113 2892 3177 quam
2937 3092 3105 3157 Brie«

723 3200 1078 3284 gerianam.
1138 3196 1263 3263 Sed
1308 3198 1463 3263 haec
1510 3218 1611 3262 res
1656 3200 1751 3261 ita
1795 3198 2091 3263 cohaeret
2137 3219 2288 3264 cum
2334 3204 2470 3264 toto
2516 3198 2655 3264 loco
2704 3197 3094 3282 explicando,

722 3309 799 3367 ut
861 3303 1013 3387 quid
1076 3286 1347 3369 sentiam
1412 3305 1771 3369 accuratius
1833 3304 2001 3369 mihi
2060 3306 2146 3368 sit
2197 3302 2645 3389 explicandum
2661 3351 2678 3380 ,
2727 3304 3098 3387 praesertim

723 3428 875 3473 cum
920 3407 1411 3474 Bockemueller
1454 3429 1712 3495 prorsus
1762 3409 2111 3474 dissentiat.

816 3513 1304 3579 Beckemueller
1363 3516 1535 3579 enim
1597 3519 1809 3579 censet
1871 3512 2225 3578 doctrinam
2243 3560 2260 3590 ,
2325 3534 2520 3598 quam
2581 3512 2923 3577 Lucretius
2984 3512 3098 3576 hoc

718 3619 857 3685 loco
918 3619 1168 3684 refellat
1183 3666 1201 3697 ‚
1263 3639 1388 3684 non
1454 3639 1589 3684 esse
1651 3619 2016 3684 Stoicorum
2034 3666 2050 3696 ,
2113 3616 2364 3683 nullam
2421 3639 2576 3684 vero
2621 3637 2883 3683 causam
2930 3616 3100 3682 affert

723 3746 848 3810 qua
892 3725 1010 3789 hoc
1056 3725 1373 3789 iudicium
1417 3725 1641 3809 probet
1689 3729 1755 3789 et
1792 3724 2138 3790 confirmet.
2179 3705 2517 3789 Lucretius
2556 3723 3100 3789 demonstraturus

723 3836 821 3895 est
868 3819 1127 3907 „omnia
1174 3849 1611 3914 quaecumque
1657 3832 1890 3895 sentire
1938 3831 2271 3896 videamus
2316 3851 2398 3895 ex
2441 3826 2850 3895 insensilibus
2890 3833 3099 3893 tamen

723 3936 1054 4019 principiis
1122 3933 1447 3999 constare'’
1520 3939 1640 4013 (vs.
1692 3933 1873 4014 865),
1947 3934 2080 4000 scil.
2155 3955 2234 3999 ex
2303 3937 2569 4012 atomis,
2640 3952 2804 4018 quae
2864 3952 2978 4017 per
3035 3951 3096 3996 se

722 4060 980 4105 sensum
1040 4061 1168 4104 non
1226 4039 1534 4111 habeant;
1602 4060 1822 4104 sensus
1883 4040 2115 4111 pendet
2178 4061 2255 4104 ex
2319 4060 2550 4111 genere
2597 4043 2962 4102 atomorum
3007 4057 3100 4101 ea-

720 4166 993 4229 rumque
1053 4145 1338 4209 motibus
1402 4166 1428 4209 c

792 4418 843 4480 1)
880 4417 1091 4467 Lucretii
1127 4416 1428 4483 philosophia

793 4499 849 4566 2)
883 4498 971 4548 1.1.
1004 4515 1051 4564 p.
1091 4501 1169 4549 54.
