3351 5463
652 347 783 412 228
1398 368 1544 424 omn
1592 366 1709 415 Es'r
1756 368 1842 410 To
1890 366 2289 411 ΥΠΗΡΕΣῙΟΝῬ

651 532 838 597 nudis
888 532 1123 597 tabulis
1171 533 1449 597 dormire
1494 554 1698 618 neque
1745 533 1866 597 sibi
1906 533 2162 616 probari
2199 552 2380 617 posse
2422 553 2526 598 eos
2565 554 2715 598 cum
2755 532 2834 596 ad
2871 553 3034 617 opus

653 658 719 701 se
766 627 1203 722 accingerent,
1252 636 1518 713 culcitas
1568 639 1814 721 corpori
1859 639 2287 722 supposuisse.

744 743 925 821 Quod
986 743 1406 829 Breusingius
1453 745 1673 827 paucis
1722 746 1901 808 annis
1949 749 2292 829 antequam
2339 749 2632 808 mortuus
2680 746 2776 808 est
2820 745 2889 808 111
2931 742 3038 807 lit-

653 851 805 913 teris
852 850 930 913 ad
979 870 1083 913 me
1130 848 1295 912 datis
1342 851 1628 933 scripsit:
1683 848 1837 926 „Ich
1883 849 2046 914 habe
2094 849 2214 914 den
2260 849 2510 914 Karren
2555 871 2678 913 nur
2724 869 2838 913 aus
2886 849 3033 914 dem

650 953 858 1017 Dreck
902 953 1196 1018 schieben
1242 953 1529 1030 ko'nnen3
1581 954 1683 1018 die
1732 953 2112 1035 Philologen
2159 960 2418 1019 miissen
2461 955 2574 1018 ihn
2620 958 2810 1018 unter
2853 953 3028 1018 Dach

648 1057 781 1122 und
847 1058 1016 1122 Fach
1076 1059 1427 1143 bringen‚''
1491 1059 1560 1123 id
1621 1059 1906 1142 profecto
1968 1061 2037 1122 in
2103 1058 2331 1123 multis
2391 1059 2580 1124 rebus
2627 1062 2686 1124 ei
2731 1079 3032 1143 prospere

648 1165 949 1228 successit
967 1182 982 1238 ;
1056 1162 1224 1227 male
1292 1165 1593 1228 successit
1654 1184 1802 1227 cum
1822 1210 1837 1240 ,
1901 1163 2168 1250 vulgata
2231 1163 2696 1249 significatione
2758 1165 3030 1239 reiecta,

648 1267 959 1333 vocabulo
1007 1273 1219 1332 nostro
1270 1268 1390 1338 τὰς
1436 1265 1617 1347 ἕδρας
1659 1269 1865 1341 κώπης
1912 1265 2140 1348 ζυγίοις
2188 1269 2456 1333 indicari
2490 1271 2685 1332 nimis
2726 1268 3034 1334 confiden-

647 1378 745 1437 ter
807 1372 1150 1436 contendit.
1214 1374 1301 1436 At
1362 1373 1725 1436 refutarunt
1787 1375 2220 1437 coniecturam
2281 1376 2418 1438 eius
2479 1374 2860 1438 iamdudum
2905 1376 3036 1438 viri

647 1499 754 1544 me
811 1477 1018 1541 multo
1065 1478 1398 1562 peritiores
1445 1498 1647 1560 neque
1697 1478 1864 1561 quod
1912 1477 2111 1542 semel
2158 1462 2544 1563 iterumque·
2571 1483 2808 1544 erravit
2853 1484 3034 1544 tanto

649 1585 789 1647 viro
853 1582 1099 1665 probro,
1143 1582 1505 1646 ducendum
1552 1603 1690 1647 esse
1739 1603 1961 1648 censeo
1984 1630 1999 1660 ,
2051 1586 2286 1668 quippe
2339 1586 2444 1647 cui
2489 1586 2556 1647 in
2603 1587 2697 1650 rei
2742 1587 3035 1649 nauticae

648 1687 1012 1770 cognitione
1076 1707 1223 1749 cum
1270 1684 1395 1749 alia
1440 1685 1650 1750 multa
1697 1687 2045 1751 debeantur
2095 1691 2240 1750 tum
2286 1690 2582 1773 aenigma
2601 1736 2617 1764 ‚
2671 1710 2795 1772 quo
2841 1687 3032 1753 modo

648 1793 750 1854 usi
797 1793 927 1854 sint
974 1789 1230 1855 Veteres
1278 1810 1603 1854 remorum
1652 1792 2014 1866 ordinibus,
2065 1795 2378 1876 sagaciter
2424 1792 2535 1857 ille
2581 1792 2866 1858 solverit.
2934 1793 3035 1858 In-

650 1900 920 1959 ventum
980 1894 1144 1959 illud
1189 1891 1595 1980 ingeniosum
1642 1917 1792 1960 cum
1840 1898 2230 1962 nostratibus
2278 1919 2396 1982 ego
2445 1901 2918 1963 communicavi
2962 1901 3034 1963 in

652 1999 870 2064 Diario
932 1999 1151 2076 Nov0,
1218 2001 1386 2084 quod
1452 2001 1675 2065 diebus
1739 2001 1824 2066 22
1889 2008 1953 2066 et
2017 2001 2102 2066 23
2167 2005 2405 2067 mensis
2453 2001 2821 2068 Decembris
2870 2025 3035 2069 anno

656 2103 828 2168 1892
874 2105 1283 2169 Roterodami
1329 2107 1636 2169 emissum
1684 2112 1798 2170 est.

742 2209 1058 2293 Equidem
1104 2209 1365 2293 probare
1412 2211 1686 2275 conabor
1732 2210 2039 2275 Veterum
2083 2214 2360 2298 remiges
2413 2213 2530 2277 tali
2576 2214 2890 2298 praesidio
2929 2215 3036 2278 ad-

650 2335 873 2378 versus
920 2317 1170 2378 natium
1206 2314 1544 2379 'frictiones
1592 2335 1802 2380 carere
1848 2337 1972 2380 non
2021 2320 2322 2400 potuisse.

738 2421 789 2484 Ι.
840 2420 1049 2484 Naves
1097 2418 1252 2483 olim
1302 2440 1485 2504 saepe
1531 2422 1825 2504 perbrevi
1871 2424 2178 2507 temporis
2226 2425 2432 2508 spatio
2479 2425 3033 2502 construebantur,

650 2546 775 2610 quo
847 2546 971 2588 non
1043 2531 1140 2588 est
1206 2524 1559 2590 verisimile
1624 2529 1694 2589 in
1755 2526 2029 2612 singulis
2089 2528 2380 2613 partibus
2440 2549 2747 2615 magnam
2810 2551 3034 2594 curam

648 2634 928 2717 positam
990 2629 1205 2694 fuisse.
1270 2630 1443 2716 Ergo
1505 2634 1784 2694 transtra
1847 2634 2112 2696 runcina
2175 2631 2520 2717 diligenter
2581 2633 2856 2720 levigari
2904 2656 3034 2698 non

651 2741 964 2821 poterant.

735 2841 815 2905 II.
866 2841 995 2905 Ubi
1041 2844 1209 2905 inter
1256 2839 1647 2907 Graecorum
1696 2846 1897 2924 socios
1943 2842 2201 2907 navales
2249 2850 2314 2907 et
2360 2844 2698 2909 hodiernos
2738 2845 3036 2911 Brousin-

646 2950 795 3031 gius
857 2947 1395 3030 comparationem
1456 2948 1777 3023 instituit,
1846 2968 1969 3011 non
2033 2950 2346 3033 cogitavit
2393 2950 2469 3013 de
2516 2970 2739 3013 eorum
2787 2954 3031 3015 vestitu

647 3070 905 3136 prorsus
968 3050 1237 3114 diverso.
1305 3046 1532 3114 Graeci
1578 3051 1831 3115 braccas
1876 3072 1955 3115 ne
2002 3058 2310 3116 noverant
2359 3053 2652 3137 quidem:
2705 3056 2815 3137 qui
2861 3075 3029 3119 nunc

649 3157 962 3238 navigant
1023 3147 1122 3217 tot
1174 3156 1579 3218 vestimentis
1626 3157 1833 3239 iisque
1879 3154 2080 3221 laneis
2129 3176 2357 3241 corpus
2402 3151 2748 3222 involvunt
2793 3158 3036 3224 fovent-

648 3282 772 3345 que
821 3265 895 3323 ut
942 3261 1059 3323 vix
1101 3259 1311 3323 credat
1358 3262 1471 3345 q-ui
1518 3281 1642 3323 non
1692 3259 1949 3324 viderit.

737 3364 855 3429 ΙΙΙ.
919 3364 1271 3448 Remigum
1336 3364 1502 3447 quod
1563 3385 1731 3427 nunc
1795 3384 1953 3447 opus
2015 3370 2204 3448 atque
2267 3364 2545 3430 officium
2613 3372 2710 3431 est
2754 3389 2834 3433 ne
2880 3390 3032 3433 cum

647 3470 955 3535 Veterum
1019 3468 1414 3532 conferamus
1475 3472 1651 3533 vetat
1712 3470 1852 3553 ipsa
1883 3462 2246 3553 'navigandi
2293 3473 2455 3535 ratio
2501 3475 2773 3536 mutata.
2823 3474 3032 3538 Antea

645 3578 785 3660 ipsa
847 3575 1030 3638 navis
1096 3576 1291 3637 remis
1353 3573 1862 3658 propellebatur:
1913 3577 2076 3640 remi
2119 3578 2187 3638 in
2234 3596 2425 3640 cursu
2470 3579 2712 3661 primas
2759 3580 3036 3664 agebant

646 3682 837 3761 atque
882 3680 1021 3740 iure
1069 3680 1252 3741 navis
1292 3676 1426 3741 alae
1465 3677 1868 3741 dicebantur:
1891 3700 2026 3762 Ῥω*
2057 3680 2257 3743 'horas
2296 3683 2630 3745 continuas
2671 3684 2796 3747 viri
2825 3683 3034 3747 ‘remis

644 3780 1115 3845 incumbebant.
1166 3781 1349 3845 Nunc
1391 3803 1542 3846 vero
1582 3784 1764 3846 navis
1804 3782 1964 3847 velis
2005 3790 2117 3847 aut
2155 3804 2391 3869 vapore
2429 3780 2740 3851 concitata
2763 3808 3036 3871 aequora

646 3886 865 3950 findit:
931 3888 1125 3949 remis
1189 3906 1351 3949 unae
1416 3888 1684 3951 cumbae
1745 3889 2230 3971 protruduntur‚
2295 3910 2456 3973 quae
2519 3912 2649 3955 non
2713 3894 2837 3955 nisi
2888 3912 3030 3957 raro

648 3990 1112 4053 demittuntur:
1161 3992 1230 4053 in
1280 3988 1441 4067 alto,
1494 3994 1548 4055 si
1596 3994 1740 4074 quis
1789 4012 1936 4055 casu
1981 3995 2050 4056 in
2089 4013 2265 4057 mare
2309 3994 2576 4059 decidit:
2623 3998 2691 4059 in
2735 3994 2868 4060 salo
2892 4043 2907 4071 ,
2948 3995 3030 4059 ad

646 4095 939 4158 homines
1000 4094 1077 4157 ad
1136 4093 1295 4157 litus
1358 4101 1579 4159 euntes
1643 4116 1714 4160 ac
1776 4097 2111 4161 redeuntes
2159 4098 2598 4182 deportandos.
2664 4100 2858 4165 Recte
2903 4100 3034 4165 Ko-

645 4198 909 4283 peckius
954 4197 1080 4262 1.1.:
1154 4198 1602 4285 „Heutzutage
1649 4201 1901 4265 werden
1950 4201 2160 4267 solche
2208 4203 2458 4267 Polster
2505 4204 2709 4269 selten
2752 4226 3033 4269 verwen-

647 4304 785 4379 det,
831 4323 957 4367 was
994 4304 1129 4367 sich
1172 4304 1449 4369 dadurch
1489 4303 1766 4382 erklart',
1809 4307 1950 4371 dass
1997 4308 2096 4371 die
2135 4307 2604 4373 Ruderfahrten
2642 4331 2771 4375 von
2806 4310 3033 4375 keiner

644 4408 878 4493 langen
939 4406 1150 4472 Dauer
1211 4409 1384 4487 sind,
1452 4413 1573 4475 wie
1634 4432 1701 4475 es
1763 4432 1880 4475 vor
1937 4410 2156 4476 Zeiten
2204 4412 2313 4477 der
2359 4412 2500 4481 Fall
2543 4414 2737 4480 war.''
2803 4415 3030 4503 Neque
