3351 5463
1421 301 1650 350 mvms.
2638 287 2725 354 23

351 485 500 530 vero
562 467 867 549 operandi
928 466 1268 531 assuetudo
1329 467 1658 531 fabrorum
1677 515 1693 543 ,
1761 469 1875 551 qui
1931 469 2001 530 in
2049 488 2122 532 ea
2166 489 2307 534 arce
2356 471 2727 538 habitabant

349 575 412 657 (ᾗ
452 571 538 636 36
601 572 690 634 ibi
746 595 808 636 se
853 572 1172 653 habitare).
1245 573 1346 637 Ad
1407 571 1901 637 alliterationem
1942 574 2126 657 forte
2167 575 2356 659 fabri
2405 623 2418 639 .
2448 624 2462 638 .
2494 624 2508 640 .
2546 578 2730 661 fuere

351 676 428 741 cf.
480 698 534 740 c.
587 676 650 741 2.
681 676 720 740 9
755 699 980 759 parum
1011 700 1303 760 prospere
1336 677 1612 759 pedestri
1644 700 1859 758 puqna
1904 684 1969 741 et
2012 677 2312 743 Kiihnast
2357 703 2420 765 p.
2472 680 2604 745 330
2634 702 2726 766 sq.

438 915 492 958 c.
545 893 607 957 6.
639 892 740 957 13.
809 895 1203 980 oppressique
1241 897 1468 980 forent
1512 896 1772 960 Romani
1818 919 2186 982 nequaquam
2232 919 2471 960 numero
2504 921 2692 979 pares
2710 947 2726 976 ‚

348 998 418 1060 ni
479 999 701 1062 clamor
763 1000 836 1062 ab
897 999 1012 1077 iis,
1078 1000 1185 1085 qui
1245 1008 1416 1063 extra
1471 1023 1662 1064 arcem
1725 1008 1899 1064 erant
1917 1049 1933 1079 ,
1982 1002 2252 1064 sublatus
2295 1002 2726 1082 incertum,

347 1106 510 1167 made
552 1103 899 1180 accidisset,
943 1105 1140 1167 omnia
1187 1127 1347 1168 vana
1393 1113 1642 1186 auqente
1680 1115 1966 1169 nocturno
2017 1107 2271 1170 tumultu
2289 1155 2305 1185 ‚
2340 1107 2619 1192 jecisset.

435 1208 506 1273 Si
551 1231 994 1296 comparamus
1040 1209 1146 1274 41.
1175 1211 1237 1274 2.
1267 1211 1308 1275 6
1355 1211 1723 1276 concursatio
1760 1211 1829 1274 in
1868 1213 2106 1275 obscuro
2146 1212 2434 1275 incertum
2454 1201 2724 1298 fecerat,

348 1338 429 1378 an
487 1316 674 1379 hostie
732 1316 900 1380 intra
963 1317 1220 1379 vallum·
1253 1325 1401 1380 esset
1417 1366 1433 1394 ,
1497 1318 1695 1383 verba
1754 1319 1845 1382 sic
1904 1318 2321 1382 construenda
2382 1323 2531 1382 sunt
2576 1341 2726 1384 cum

347 1421 701 1487 Muellero:
767 1424 836 1486 ni
898 1423 1120 1486 clamor
1170 1471 1184 1487 .
1216 1469 1230 1486 .
1263 1471 1276 1487 .
1318 1423 1572 1508 fecisset
1632 1423 1923 1486 incertum
1985 1425 2143 1486 unde
2190 1421 2504 1487 accidisset
2562 1425 2725 1502 (scil.

347 1526 633 1607 clamor),
682 1534 757 1592 ut
804 1530 940 1613 ipse
989 1528 1231 1593 clamor
1276 1549 1464 1594 causa
1507 1516 1754 1593 dicatur
1792 1530 2227 1614 ignorantiae,
2270 1528 2439 1593 unde
2476 1532 2692 1595 veniat
2708 1551 2724 1608 ;

346 1632 516 1717 quod
579 1635 732 1698 satis
793 1633 1052 1698 videtur
1112 1633 1481 1698 absurdum.
1548 1633 1715 1713 Quid
1779 1639 2102 1718 praeterea
2156 1637 2225 1696 in
2270 1653 2342 1697 ea
2387 1634 2727 1699 verborum

349 1743 672 1804 structura
740 1739 1058 1824 significat
1119 1739 1288 1823 quod
1350 1739 1636 1802 tumultus
1695 1739 1930 1804 dicitur
1991 1761 2149 1800 vana
2210 1738 2407 1802 omnia
2468 1738 2727 1820 auqere?

347 1865 464 1929 pro
545 1866 672 1928 quo
752 1844 1300 1909 Weissenbornius
1397 1865 1522 1908 non
1583 1847 1909 1908 immerito
1978 1844 2312 1930 flagitabat
2372 1846 2569 1908 omnia
2636 1847 2726 1910 in

347 1973 406 2012 m
423 1949 606 2012 aius
685 1958 952 2031 auqente.
1024 1949 1149 2014 Sed
1208 1949 1588 2014 iamdudum
1653 1947 2013 2014 Gronovius
2075 1949 2229 2013 haec
2276 1952 2369 2013 ita
2416 1953 2724 2016 correxit:

347 2053 416 2116 ni
479 2054 700 2117 clamor
748 2101 762 2118 .
795 2103 809 2119 .
838 2101 854 2118 .
903 2055 931 2116 i
944 2078 987 2117 n
1005 2077 1079 2118 ee
1095 2077 1128 2116 r
1145 2061 1224 2118 tu
1239 2077 1269 2117 e
1329 2057 1488 2118 unde
1533 2055 1848 2118 accidisset
1865 2103 1882 2130 ,
1931 2055 2127 2116 omnia
2173 2077 2330 2117 vana
2376 2063 2626 2134 auqente
2663 2081 2723 2121 n.

352 2166 397 2222 t.
447 2158 727 2243 fecisset.
789 2159 874 2224 Et
935 2163 1026 2224 sic
1087 2159 1315 2225 Livius
1364 2158 1471 2225 27.
1500 2157 1606 2224 37.
1638 2157 1675 2222 5
1726 2159 1782 2222 is
1827 2182 2053 2244 quoque
2102 2205 2117 2223 .
2149 2207 2162 2223 .
2192 2206 2207 2222 .
2254 2159 2550 2237 incertus,
2602 2184 2726 2226 mas

353 2286 435 2326 an
464 2264 717 2348 femina
762 2271 909 2328 esset
927 2313 942 2340 ,
991 2271 1170 2327 natus
1215 2271 1363 2328 erat.
1410 2265 1496 2328 ib.
1547 2262 1653 2328 48.
1690 2263 1766 2328 11
1820 2264 2126 2346 elephanti
2175 2310 2190 2326 .
2220 2311 2234 2327 .
2266 2310 2281 2327 .
2330 2264 2547 2327 incerti
2592 2288 2727 2350 quo-

355 2391 485 2431 rum
535 2377 740 2433 essent.
791 2367 898 2434 28.
927 2368 1033 2434 30.
1065 2367 1100 2435 7
1153 2369 1388 2433 Poenus
1431 2369 1693 2432 incertus
1743 2417 1756 2432 .
1788 2416 1801 2432 .
1834 2416 1848 2433 .
1896 2377 2095 2432 utrum
2138 2376 2496 2452 sequeretur.

442 2475 545 2538 Ad
589 2474 945 2540 ablativum
987 2474 1358 2540 absolutum
1396 2481 1644 2555 auqente
1680 2496 1740 2537 n.
1786 2480 1829 2537 t.
1873 2474 1952 2539 cf.
1992 2495 2046 2538 c.
2089 2471 2151 2536 3.
2180 2471 2219 2536 9
2262 2481 2415 2536 metu
2454 2483 2723 2555 auqente.

353 2575 461 2645 27.
491 2577 600 2644 44.
630 2579 714 2644 10
759 2587 916 2643 metu
961 2580 1304 2662 interprete.

439 2804 492 2847 c.
539 2782 642 2847 19.
677 2782 779 2847 12.
822 2785 1022 2867 Aeque
1058 2784 1318 2864 seqniter
1355 2782 1547 2847 moll
1557 2782 1719 2845 iter
1756 2782 2045 2845 cohortem
2083 2787 2266 2845 totam
2302 2782 2724 2865 Syracusarum

343 2887 703 2952 amoenitate
731 2888 910 2972 frui.

435 2992 535 3058 Ita
579 2992 792 3057 Luchs
837 3014 987 3058 cum
1035 2994 1297 3076 optimis
1341 2990 1545 3056 libris.
1613 2993 1701 3057 At
1748 2994 1981 3057 merito
2028 2990 2382 3055 Muellerus
2430 3014 2580 3056 cum
2624 2993 2723 3058 de-

341 3099 714 3175 terioribus,
758 3099 990 3182 quibus
1028 3118 1510 3181 nonnumquam
1551 3097 2044 3163 auscultandum
2068 3102 2166 3161 est
2189 3097 2448 3176 (Luchs.
2475 3097 2717 3185 proleg.

339 3202 658 3291 XLVIII),
707 3202 904 3267 edidit
971 3203 1228 3281 aequiter
1299 3203 1847 3287 molliterque.
1938 3202 2267 3289 Asyndeta
2335 3202 2561 3265 Livius
2628 3206 2722 3267 ita

338 3327 681 3392 usurpasse
728 3307 1006 3384 videtur,
1055 3313 1128 3371 ut
1171 3312 1282 3371 aut
1319 3329 1683 3393 synonyma
1724 3310 1889 3371 sint:
1932 3308 2085 3369 clam
2107 3306 2343 3391 furtim
2383 3306 2489 3370 21.
2519 3305 2625 3370 63.
2655 3307 2717 3373 9.

319 3416 508 3499 forte
577 3420 788 3475 temere
858 3411 966 3477 25.
995 3410 1100 3479 38.
1135 3413 1217 3477 12
1239 3461 1255 3490 ,
1330 3413 1436 3479 39.
1471 3413 1574 3477 15.
1607 3414 1686 3476 11
1711 3460 1727 3489 ,
1799 3411 1908 3475 41.
1935 3411 1999 3478 2.
2032 3410 2091 3478 7.
2147 3412 2371 3495 fusum
2421 3413 2719 3496 fuqatum

337 3519 447 3583 33.
476 3517 586 3583 25.
613 3517 675 3583 9.
739 3539 906 3580 arma
967 3518 1089 3581 tela
1151 3516 1258 3582 36.
1293 3517 1484 3594 18.1‚
1540 3516 1644 3583 10.
1673 3516 1736 3583 4.
1766 3515 1828 3594 3,
1877 3523 1989 3581 aut
2036 3519 2101 3579 in
2149 3536 2345 3580 unam
2392 3519 2719 3582 notionem

334 3623 726 3690 coalescant:
777 3622 986 3703 prima
1034 3629 1340 3704 postrema
1391 3621 1449 3686 1.
1480 3622 1584 3686 24.
1616 3618 1678 3698 7,
1730 3622 1885 3685 diem
1930 3629 2154 3685 noctem
2202 3619 2308 3687 42.
2338 3620 2444 3687 54.
2475 3619 2531 3683 3.
2603 3620 2718 3687 Co—

332 3729 642 3815 pulantur
709 3748 861 3793 vero
929 3726 1116 3791 talia:
1171 3729 1438 3813 fortiter
1487 3727 1891 3811 feliciterque
1960 3725 2070 3791 28.
2117 3725 2176 3790 9.
2207 3722 2265 3791 7.
2340 3733 2579 3789 strenue
2647 3751 2718 3791 ac

315 3835 590 3921 fortiter
613 3833 719 3899 30.
751 3832 852 3897 14.
882 3832 946 3898 8.
983 3833 1230 3914 superbe
1267 3840 1324 3895 et
1363 3832 1653 3895 violenter
1680 3831 1787 3896 30.
1814 3830 1920 3896 31.
1954 3829 2013 3897 7.
2057 3833 2308 3894 modeste
2331 3854 2401 3893 ae
2419 3834 2717 3897 moderate

335 3938 716 4016 30.42.14.
763 3939 971 4002 melior
1019 3938 1318 4022 tutiorque
1368 3937 1474 4002 30.
1503 3937 1608 4002 30.
1641 3936 1759 4014 19;
1810 3936 1953 4002 alia.
2004 3937 2221 4001 Etiam
2266 3959 2407 3999 suus
2452 3946 2517 4001 et
2564 3939 2716 4002 alie-

333 4068 451 4108 nus
512 4044 652 4123 (vel·
689 4044 875 4122 alius)
938 4042 1166 4107 Livius
1221 4046 1583 4107 coniunxit:
1635 4042 1733 4105 sui
1778 4042 2082 4126 alienique
2130 4040 2190 4105 5.
2218 4039 2324 4104 55.
2357 4041 2419 4118 4,
2470 4043 2621 4127 quid
2663 4066 2711 4109 8.

329 4151 484 4235 quid
543 4150 626 4212 al.
694 4148 756 4215 6.
783 4144 890 4213 27.
918 4146 982 4225 8,
1048 4155 1106 4211 et
1166 4171 1214 4211 ε.
1281 4155 1338 4211 et
1397 4148 1483 4211 al.
1547 4144 1656 4212 27.
1687 4145 1793 4210 39.
1824 4146 1885 4224 6,
1946 4147 2025 4211 cf.
2074 4146 2135 4210 2.
2165 4145 2271 4209 40.
2307 4146 2409 4223 11,
2463 4147 2523 4211 5.
2555 4147 2617 4212 5.
2649 4147 2711 4227 3,

333 4252 396 4321 7.
426 4253 534 4319 25.
565 4253 626 4330 6,
676 4252 783 4321 42.
810 4253 918 4317 43.
949 4252 1020 4330 33
1070 4254 1212 4318 idco
1255 4256 1325 4317 in
1373 4252 1480 4318 28.
1510 4252 1612 4317 30.
1647 4251 1686 4317 9
1734 4273 1849 4336 pro
1886 4252 2014 4315 suis
2054 4250 2275 4315 alienis
2312 4252 2561 4315 navibus
2608 4302 2623 4317 .
2649 4299 2664 4317 .
2702 4302 2711 4315 .

325 4360 643 4423 invehebat
702 4359 1150 4446 corrigendum
1213 4358 1471 4424 videtur
1529 4358 1656 4422 suis
1718 4357 2047 4442 alienisque
2108 4364 2221 4423 aut
2269 4378 2410 4423 suas
2455 4358 2676 4423 alienis
2692 4407 2709 4436 ‚
