3351 5463
1182 398 1269 445 nn
1312 399 1463 445 mun
1514 398 1796 445 sonmo.
2547 377 2676 446 175

282 568 489 643 dosii,
552 586 677 652 qua
740 565 1122 630 transfertur
1185 564 1261 628 ab
1310 584 1383 627 eo
1429 562 1741 648 possessio
1761 611 1777 641 ,
1828 565 1942 648 qui
1963 594 1966 599 ·
1987 565 2057 627 in
2101 562 2217 628 lite
2266 562 2536 627 dominii
2579 564 2676 629 bis

279 674 727 758 provocaverit
753 668 824 751 1).
896 671 983 734 At
1050 691 1130 734 ex
1200 670 1404 754 ipsius
1474 668 1708 754 placito
1771 671 2163 754 possessione
2225 668 2511 753 pellitur,
2574 671 2679 753 qui

278 779 583 843 sententia
648 777 873 840 iudicis
945 799 1073 839 eam
1141 776 1439 853 detinuit,
1512 798 1583 838 ea
1634 822 1649 839 .
1679 822 1693 837 .
1725 822 1740 839 .
1771 823 1786 839 .
1838 776 2140 839 occasione
2155 823 2172 851 ‚
2246 777 2404 859 quod
2471 776 2678 839 absens

266 885 455 969 prior
498 906 799 966 possessor
847 889 903 945 et
948 883 1035 944 ad
1073 882 1235 943 litem
1279 888 1518 944 vocatus
1537 928 1553 958 ,
1595 881 1835 944 minime
1873 881 2184 962 respondit
2207 880 2280 959 2),
2319 883 2375 944 si
2414 883 2468 944 is
2509 883 2674 946 intra

282 1011 530 1056 annum
596 990 1007 1073 superveniat
1077 992 1142 1051 et
1210 986 1642 1067 coqnitionabia
1710 986 1996 1071 postulet
2063 973 2264 1048 subire
2309 987 2674 1050 *certamina

285 1096 470 1175 Quod
530 1101 712 1159 cavet
769 1095 1127 1178 Imperator
1188 1114 1240 1156 c.
1294 1096 1335 1158 8
1384 1091 1486 1175 §3
1536 1089 1606 1157 O.
1660 1088 1720 1156 7.
1750 1091 1834 1156 39
1854 1112 1870 1169 ;
1937 1097 2240 1157 semestre
2286 1097 2541 1177 tempus
2586 1094 2678 1156 in-

281 1202 570 1265 dulserat
637 1200 943 1285 praefecti
1014 1199 1217 1263 forma
1286 1196 1583 1261 Archelai
1612 1195 1684 1275 3).
1749 1234 1834 1245 --
1894 1198 2040 1262 Non
2107 1197 2357 1263 abludit
2429 1198 2506 1262 ab
2573 1198 2676 1262 his

282 1310 495 1371 causis
558 1305 1020 1391 hypothecaria
1081 1306 1246 1367 actio
1267 1351 1283 1379 ,
1348 1323 1509 1386 quae
1558 1322 1595 1366 a
1640 1303 1858 1381 iustav)
1896 1308 2290 1384 possessor&
2341 1306 2680 1386 possessio-

278 1433 435 1476 nem
475 1411 774 1475 'transfert
802 1409 877 1491 4),
922 1409 1102 1474 salva
1140 1414 1283 1494 post
1320 1408 1663 1473 luitionem
1702 1409 2055 1472 intentione
2097 1408 2370 1473 dominii
2392 1414 2467 1487 ⁵),
2509 1408 2678 1475 unde

280 1520 511 1581 nudam
556 1523 815 1581 tantum
864 1514 1295 1597 possessionem
1358 1518 1660 1592 avocans)
1727 1533 1800 1577 ea
1860 1514 2096 1577 dicitur
2123 1514 2195 1594 ⁶).
2263 1514 2364 1578 Ex
2429 1514 2678 1579 diverso

282 1624 653 1687 Publiciana
716 1623 873 1685 actio
920 1642 1033 1685 cur
1078 1622 1161 1683 ad
1204 1621 1401 1682 instar
1432 1618 1839 1700 proprietatis
1856 1668 1872 1694 ,
1923 1642 2041 1681 non
2089 1621 2173 1681 ad
2218 1620 2417 1682 instar
2447 1642 2681 1701 posses-

279 1728 481 1793 sionis
543 1728 889 1809 respic(ere)
956 1727 1204 1790 dicatur
1227 1731 1299 1803 ⁷),
1366 1745 1439 1789 ea
1501 1744 1692 1789 causa
1743 1732 1876 1801 est,
1926 1724 2094 1809 quod
2138 1727 2207 1789 in
2253 1727 2394 1809 ipso
2441 1724 2680 1791 iudicio

282 1833 557 1914 exceptio
601 1832 749 1907 iusti
797 1832 1052 1895 dominii
1102 1878 1116 1896 .
1148 1878 1162 1894 .
1192 1878 1209 1895 .
1239 1878 1253 1894 .
1307 1820 1643 1893 obiicienda
1689 1836 1779 1893 est
1803 1834 1878 1907 ⁸),
1943 1850 2058 1893 nec
2107 1832 2450 1915 separatim
2497 1850 2683 1913 quae-

279 1942 479 2004 ritur.

1373 2312 1607 2377 LXXI.

582 2514 978 2563 INTERDIOTIS
1025 2514 1432 2562 RR'I'INENDAE
1480 2512 1915 2561 POSSESSIONIS
1961 2512 2408 2561 REGUPRRANDI

1300 2622 1419 2667 VIM
1462 2618 1704 2667 INESSB..

376 2788 600 2873 Negat
664 2787 1099 2864 Windscheid,
1166 2790 1201 2872 ᾗ
1256 2785 1465 2862 15910,
1538 2785 2002 2870 recuperandae
2070 2790 2478 2870 possessionis
2539 2790 2680 2852 vim

276 2899 500 2958 inesse
561 2895 682 2955 uti
730 2893 1200 2976 possidetis
1262 2892 1601 2958 interdicto
1615 2912 1633 2968 3
1701 2912 1816 2956 nec
1879 2891 2090 2968 audit,
2157 2895 2269 2976 qui
2331 2893 2398 2956 id
2461 2895 2680 2978 ipsum

278 2999 567 3086 probent
624 2999 914 3063 adhibita
975 2997 1123 3064 Gaii
1169 2985 1259 3063 IV'
1306 2995 1520 3082 §170‚
1571 2998 1684 3062 ubi
1729 2999 1832 3062 vis
1877 3001 1944 3062 et
1988 3002 2267 3082 potestas
2313 2999 2681 3065 interdicto·
2751 3057 2757 3062 ,

278 3126 437 3168 rum
502 3104 1023 3172 secundariorum
1044 3109 1097 3184 ⁹)
1159 3125 1293 3170 esse
1353 3104 1606 3181 dicitur,
1671 3110 1741 3166 ut
1759 3151 1775 3179 ,
1841 3103 1946 3186 qm·
2008 3109 2202 3166 cetera
2247 3125 2319 3165 ex
2356 3103 2678 3168 interdicto

278 3232 409 3276 non
438 3210 655 3295 faciat
680 3210 779 3292 ¹⁰),
814 3256 831 3274 .
860 3259 876 3289 ,
909 3258 922 3274 .
953 3258 967 3276 .
999 3211 1124 3273 sive
1160 3210 1510 3293 possideat,
1551 3208 1949 3272 restituat
1997 3209 2471 3272 adversario
2507 3233 2683 3292 pos·-

360 3453 409 3513 1)
446 3467 489 3500 c.
526 3468 604 3501 un.
640 3453 695 3502 C.
732 3452 819 3500 Th.
860 3453 939 3500 11.
962 3453 1039 3501 38.

358 3535 415 3596 2)
466 3534 593 3581 Nam
638 3535 797 3597 potest
843 3533 983 3581 iudex
1020 3535 1128 3598 post
1161 3533 1373 3582 edictum
1407 3531 1791 3597 peremptorium
1826 3531 1902 3579 vel
1938 3531 1995 3580 de
2028 3531 2326 3596 proprietate
2361 3531 2573 3582 iudicare
2605 3533 2682 3582 vel

282 3615 632 3681 possessionem
668 3615 931 3664 transferre
964 3619 1023 3675 (c.
1058 3617 1088 3664 8
1130 3615 1183 3664 C.
1222 3613 1378 3671 7.43;
1416 3615 1477 3662 cf.
1516 3630 1555 3662 c.
1591 3615 1623 3662 2
1657 3614 1711 3662 C.
1751 3615 1797 3662 3.
1821 3614 1924 3676 19).

360 3698 413 3756 3)
452 3696 511 3744 In
549 3697 789 3744 anecdotis
824 3696 1121 3746 Zachariaeis
1154 3696 1362 3745 edictum
1396 3698 1469 3744 est
1506 3693 1941 3744 undetricesimum.

358 3780 415 3840 4)
451 3779 506 3826 L.
547 3779 605 3826 19
640 3778 702 3826 Ι).
742 3779 888 3829 20.4.
1336 3825 1347 3836 ,

359 3862 415 3923 5)
450 3859 661 3908 Eatenus
685 3859 902 3923 quaestio
925 3859 1135 3923 piqnoris
1162 3859 1221 3908 ab
1250 3859 1621 3908 intentione
1650 3857 1918 3906 dominii
1943 3858 2406 3920 separatur(l.1§2
2429 3860 2484 3908 D.
2505 3859 2584 3908 20.
2611 3861 2678 3920 l),

279 3945 525 4006 quatenus
556 3957 652 3990 non
688 3944 845 4006 potest
880 3942 1221 4006 hypothecaria
1252 3941 1411 4005 egenti
1442 3940 1618 4006 opponi
1648 3940 1850 3988 dominii
1881 3940 2118 4004 exceptio;
2149 3955 2262 3988 nam
2279 3941 2680 4004 percontrarium

280 4039 391 4073 rem
428 4039 566 4072 suam
600 4039 698 4072 esse
734 4023 996 4072 vindicanti
1032 4024 1293 4073 rectissime
1328 4024 1589 4088 opponitur
1625 4023 1839 4087 pignoris
1875 4021 2100 4070 defensio.

359 4107 413 4166 6)
448 4106 505 4153 L.
544 4107 606 4154 66
641 4122 715 4170 pr.
755 4108 811 4155 D.
850 4106 1004 4165 21.2;
1048 4106 1080 4154 l.
1117 4108 1182 4156 38
1219 4108 1288 4166 §3
1326 4109 1384 4155 D.
1410 4109 1499 4156 45.
1527 4107 1577 4163 1;
1615 4105 1648 4154 l.
1686 4107 1717 4154 3
1751 4120 1826 4170 pr.
1863 4106 1922 4153 D.
1961 4105 2107 4153 19.1.

356 4187 407 4247 7)
442 4188 499 4236 L.
535 4186 564 4238 7
601 4189 671 4249 §6
708 4190 768 4236 D.
807 4189 921 4237 6.2.

352 4271 411 4328 8)
452 4270 505 4318 L.
548 4269 693 4327 16,1.
735 4268 797 4319 17
841 4271 899 4317 D.
938 4271 1059 4330 62,
1095 4270 1155 4319 cf.
1193 4270 1225 4319 l.
1266 4270 1326 4322 57
1366 4273 1422 4319 D.
1466 4268 1607 4320 17.1.

351 4351 408 4415 9)
448 4350 678 4399 Nondum
715 4353 853 4398 erant
888 4351 1146 4400 interdicta
1178 4352 1457 4401 secundaria
1491 4355 1708 4415 tempore
1744 4349 1986 4398 Ciceronis
2021 4347 2137 4412 (pro
2174 4350 2309 4398 Caec.
2349 4351 2410 4398 16
2447 4349 2592 4411 545).

353 4433 445 4497 10)
496 4431 655 4496 Quid,
689 4432 728 4480 si
763 4432 923 4496 ipsum
958 4433 1270 4484 interdictum
1303 4449 1401 4482 non
1435 4432 1671 4497 accipiat?
1724 4433 1823 4481 Aut
1856 4431 1991 4479 cedet
2025 4430 2344 4496 possessione,
2376 4435 2462 4480 eut
2493 4445 2679 4480 coerce·

271 4515 433 4568 bitur.
472 4514 549 4567 cf.
586 4513 618 4564 l.
659 4515 680 4562 l
724 4515 794 4576 §1
833 4516 892 4564 D.
928 4515 1042 4565 23.
