3351 5463
627 388 757 454 352
1652 410 1974 454 xErMATA.

621 594 803 638 verso
844 555 1150 638 exercitui
1186 574 1255 636 in
1294 571 1628 637 oculorum
1666 572 1906 636 morbis
1924 620 1941 649 ,
1985 573 2098 657 qui
2137 571 2294 636 dum
2333 571 2534 638 semel
2562 571 2999 650 invaluerunt,

624 677 963 742 difficulter
1021 679 1442 762 extirpantur.
1507 677 1650 762 Ipse
1716 698 1966 761 quoque
2011 678 2468 762 Aristophanes
2513 677 2794 755 docebit,
2842 677 3001 742 Ran.

627 782 777 860 192,
825 803 1043 848 revera
1090 804 1161 847 eo
1210 787 1495 867 tempore
1543 784 1745 846 socios
1791 781 2049 847 navales
2097 782 2431 848 oculorum
2478 783 2716 847 morbis
2761 780 3005 847 labora-

621 890 811 954 visse.
861 887 1103 967 Quodsi
1139 893 1358 952 autem
1397 908 1616 953 revera
1656 887 1944 962 κάλαμος
1981 891 2052 951 in
2091 887 2292 952 oculis
2329 889 2542 952 morbi
2579 909 2815 952 nomen
2853 887 2999 965 fuit,

619 996 755 1079 ipse
813 993 991 1058 Iesus
1053 993 1316 1058 fortasse
1378 993 1599 1058 eodem
1659 995 1942 1078 respexit
2001 995 2071 1056 in
2116 992 2544 1057 similitudine
2591 993 2668 1058 de
2713 993 2889 1077 trabe
2935 997 3003 1056 et

619 1100 884 1164 festuca.
933 1098 1058 1178 Qui
1096 1097 1364 1164 vixdum
1412 1097 1569 1162 mali
1611 1099 1879 1162 initium
1925 1101 2152 1176 sentit,
2202 1098 2514 1163 festucam
2554 1096 2999 1163 tantummodo

620 1204 844 1280 habet3
888 1210 1251 1269 extremum
1297 1209 1487 1288 atque
1533 1192 1883 1269 insanabile
1927 1203 2176 1268 malum
2220 1210 2316 1268 est
2361 1204 2591 1268 habere
2639 1204 2905 1268 trabem.

710 1307 923 1372 XXII.
991 1309 1087 1373 De
1150 1309 1480 1395 Lysandro
1525 1306 1810 1395 legimus
1853 1308 2009 1372 ibid.
2056 1307 2138 1372 H.
2193 1307 2250 1372 1.
2280 1307 2402 1373 24:
2450 1313 2662 1372 ταῦτα
2711 1307 2764 1372 δ’
2811 1307 2996 1372 ἐποίει

620 1401 927 1494 τέτταρας
970 1413 1201 1493 ἡμέρας
1241 1413 1376 1477 καὶ
1426 1415 1477 1478 οἱ
1517 1414 1824 1486 Ἀθηναῖοι
1866 1414 2266 1491 ἐπανήγοντο.
2312 1414 2756 1478 Hartmannus
2777 1435 2838 1497 p.
2869 1410 2999 1478 297

620 1523 972 1587 rectissime
1034 1519 1311 1584 ostendit
1372 1523 1694 1603 postrema
1755 1518 2065 1584 vocabula
2109 1521 2305 1583 nimis
2352 1519 2498 1583 laxo
2546 1519 2803 1584 vinculo
2851 1539 3002 1583 cum

622 1625 1057 1713 superioribus
1119 1625 1449 1688 cohaerere
1469 1672 1485 1701 ,
1533 1645 1648 1688 nec
1695 1629 1912 1688 tamen
1956 1623 2514 1714 interpolationem
2563 1624 2807 1700 odoror,
2855 1644 3006 1687 nam

621 1731 904 1819 proclive
966 1737 1063 1795 est
1109 1732 1479 1794 restituere:
1528 1732 1569 1792 ὦ
1594 1753 1623 1800 ς
1664 1731 1723 1793 ὀἱ
1771 1730 2078 1803 Ἀθηναῖοι
2129 1730 2528 1809 ἐπανήγοντο.

713 1835 957 1901 ΧΧΙΙΙ.
1042 1835 1204 1901 Ibid.
1277 1834 1361 1899 II.
1436 1835 1494 1900 1.
1522 1833 1645 1900 24:
1719 1837 1944 1915 (τοῦτ’)
2017 1835 2253 1901 ἐποίουν
2324 1835 2482 1900 πολὺ
2553 1837 2800 1910 μάλλον
2869 1836 3004 1898 καθ’

624 1942 849 2016 ἐκάςην
915 1939 1141 2020 ἡμέραν
1189 1939 1275 2005 τά
1321 1963 1405 2004 τε
1455 1940 1625 2004 σιτία
1674 1941 1962 2020 πόρρωθεν
2012 1939 2322 2018 ὠνούμενοι
2372 1940 2506 2004 καὶ
2557 1943 3008 2020 καταφρονοῦν-

620 2072 726 2120 τες
798 2046 866 2121 δη
936 2051 1041 2111 τοῦ
1114 2045 1483 2122 Λυσάνδρου.
1558 2045 1796 2134 Malim
1855 2050 2188 2130 expunctis
2249 2045 2616 2131 particulis:
2681 2047 2767 2112 τά
2829 2045 3001 2110 σιτία

622 2152 910 2232 πόρρωθεν
957 2152 1268 2227 ὠνούμενοι
1317 2155 1843 2232 καταφρονοῦντες
1895 2151 2002 2227 ἤδη
2051 2157 2157 2216 τοῦ
2208 2150 2580 2230 Λυσάνδρου.

713 2257 950 2346 XXIV.
1022 2257 1185 2322 Ibid.
1232 2256 1316 2321 II.
1371 2256 1429 2320 1.
1460 2255 1580 2321 30:
1634 2253 1671 2337 ἦ
1717 2256 1780 2321 δὲ
1827 2256 2027 2340 ἡμέρα
2072 2261 2282 2322 ταῦτα
2334 2255 3002 2339 κατειργάσατο,

623 2367 907 2445 ἔπεμψεν
948 2362 1318 2439 Θεόπομπον
1357 2364 1442 2434 εἷς
1484 2361 1955 2454 Λακεδαίμονα.
1997 2364 2208 2429 Immo
2246 2361 2781 2443 κατείργαςο.
2824 2362 3007 2442 Quod

625 2478 844 2538 autem
907 2470 1357 2555 Theopompus
1410 2471 1600 2534 tertio
1649 2469 1750 2534 die
1793 2468 2142 2553 Lampsaco
2189 2468 2488 2553 Spartam
2532 2470 2825 2554 pervenit
2844 2517 2860 2546 ‚
2912 2474 3007 2533 est

624 2600 696 2643 ea
765 2575 1229 2662 propemodum
1292 2574 1683 2639 incredibilis
1745 2573 2036 2638 celeritas
2058 2623 2074 2652 ,
2135 2595 2250 2639 nec
2313 2580 2529 2640 tamen
2589 2595 2739 2638 cum
2804 2571 3008 2640 Groto

619 2683 1082 2768 interpretabor
1142 2705 1181 2745 α
1240 2681 1585 2767 wonderful
1642 2681 1825 2762 cpeed
1883 2681 1964 2765 os
2015 2681 2270 2762 rowiw,
2332 2701 2484 2747 nam
2545 2685 2777 2747 ventus
2823 2667 3008 2746 credo

621 2789 934 2854 secundus
982 2787 1361 2873 praedonem
1399 2786 1688 2851 multum
1727 2784 2105 2850 adiuvabat:
2148 2789 2386 2851 etenim
2426 2808 2496 2851 eo
2535 2788 2684 2851 anni
2722 2790 3008 2871 tempore

620 2894 874 2959 Etesiae
920 2893 1177 2957 flaba-nt.

712 2997 916 3063 XXV.
985 2997 1145 3062 Ibid.
1192 2995 1275 3060 II.
1326 2997 1387 3061 2.
1418 2997 1492 3060 l:
1556 2997 1609 3061 οἱ
1665 2996 1729 3061 δὲ
1777 2994 2094 3075 προδόντες
2141 2995 2516 3079 Ἀλκιβιάδη
2564 2994 2631 3059 τὸ
2677 2992 3006 3077 Βυζάντιον

622 3101 766 3169 τότε
830 3104 943 3181 μὲν
1006 3099 1241 3182 ἔφυγον
1300 3102 1383 3172 εἷς
1454 3101 1557 3165 τὸν
1621 3100 1864 3179 Πόντον,
1933 3098 2134 3181 ὕςερον
2199 3102 2252 3166 δ’
2315 3102 2428 3173 είς
2493 3100 2830 3175 Ἀθήνας
2896 3098 3000 3166 καὶ

624 3209 898 3288 ἐγένοντο
954 3210 1280 3283 Ἀθηναῖοι.
1342 3206 1605 3293 Aliquid
1650 3207 1957 3271 excidisse
2005 3206 2222 3292 palam
2268 3210 2363 3272 est
2409 3211 2473 3271 et
2521 3205 2866 3291 supplebo:
2917 3206 3005 3278 εἰς

620 3314 884 3389 Ἀθήνας
926 3315 1409 3395 (ἐσώθησαν).
1451 3312 1639 3378 Vides
1681 3333 1794 3377 cur
1829 3313 2102 3377 verbum
2141 3310 2446 3377 exciderit
2469 3316 3003 3391 (ΕΙΣΑΘΗΝΑΣ

624 3458 709 3471 -
737 3426 1273 3500 ΕΣΩΘΗΣΑΝ).
1640 3442 1649 3451 ·

714 3522 949 3589 XXVI.
1022 3523 1183 3588 Ibid.
1246 3522 1328 3589 H.
1380 3523 1441 3587 2.
1472 3522 1581 3585 32·
1616 3524 1675 3585 ἐν
1723 3522 1788 3586 δὲ
1834 3530 1976 3594 ταῖς
2025 3523 2310 3597 Ἀθήναις
2359 3528 2469 3595 τῆς
2517 3519 2812 3601 Παράλου
2860 3522 3009 3601 άφι-

625 3630 879 3708 κομένης
940 3628 1151 3698 νυκτὸς
1215 3627 1560 3705 ἐλέγετο
1627 3630 1661 3703 ἡ
1727 3628 2020 3708 συμφορά
2070 3627 2175 3693 καὶ
2228 3629 2262 3703 ἦ
2311 3627 2549 3705 οἰμωγὴ
2600 3627 2668 3690 ἐκ
2712 3632 2819 3691 τοῦ
2871 3637 3007 3691 Πει-

546 3798 551 3803 .
622 3741 800 3818 ραιῶς
865 3733 964 3800 δια
1026 3740 1142 3799 τῶν
1203 3739 1450 3813 μακρῶν
1496 3735 1790 3812 τέιχῶν
1837 3736 1922 3805 εἰς
1972 3733 2093 3802 άςυ
2141 3732 2360 3808 διῆκεν.
2423 3732 2604 3812 Quod
2649 3731 3006 3817 plurimum

624 3842 844 3917 miror,
907 3838 1079 3903 solus
1140 3843 1454 3924 quantum
1518 3841 1801 3923 comperi
1845 3836 2190 3902 Holwerda
2234 3839 2359 3903 fuit
2376 3886 2392 3915 ‚
2443 3840 2551 3922 qui
2602 3839 2798 3902 sensit
2842 3835 3006 3902 illud

626 3946 879 4023 ἐλέγετο
946 3946 979 4019 ἡ
1053 3942 1344 4023 συμφορά
1414 3948 1787 4028 corruptum
1859 3961 1994 4004 esse
2012 3989 2028 4018 ,
2107 3963 2220 4007 nec
2290 3947 2506 4007 tamen
2573 3945 2634 4021 ei
2702 3945 3005 4007 successit

626 4050 1021 4127 emendatio,
1084 4070 1235 4113 nam
1297 4048 1466 4134 quod
1530 4047 1833 4112 coniecit:
1898 4043 2111 4116 νυκτὸς
2158 4045 2333 4118 εὐθὺς
2379 4047 2622 4126 φανερά
2671 4045 2916 4122 ἐγένετο
2967 4050 3000 4122 ἡ

627 4156 955 4234 συμφορά,
1021 4154 1092 4221 id
1153 4155 1393 4217 nemini
1454 4151 1858 4235 comprobare
1905 4151 2136 4233 potuit.
2188 4148 2450 4217 Contuli
2494 4150 2789 4237 equidem
2834 4150 3006 4217 locu·
3065 4138 3080 4153 ⁸

625 4264 869 4326 tionem
936 4260 1261 4339 συμφοράν
1331 4258 1664 4333 ποιεῖσθαι,
1741 4275 1900 4339 quae
1971 4255 2138 4338 apud
2209 4255 2614 4321 Herodotum
2681 4259 3002 4342 imprimis

625 4367 986 4450 frequenter
1019 4366 1365 4439 invenitur,
1406 4360 1614 4427 veluti
1650 4358 1758 4423 IV.
1790 4354 1907 4423 79:
1950 4360 2275 4439 συμφοράν
2302 4362 2596 4439 μεγάλην
2620 4362 3003 4438 ἐποιήσαντο,

626 4470 702 4536 V.
767 4470 887 4535 90:
958 4470 1275 4552 συμφορὴν
1347 4468 1649 4534 ἐποιεῦντο
1719 4460 1993 4541 διπλόην,
2066 4462 2236 4531 VIII.
2311 4466 2470 4531 lOO:
2541 4466 2713 4548 ὁρέων
2783 4464 3002 4549 Ξέρξην
