3351 5463
695 367 826 433 366
894 443 903 450 .
1731 384 2050 430 nummu.

786 549 1114 617 LXXXV.
1174 549 1337 614 Ibid.
1384 548 1461 616 V.
1505 549 1565 613 1.
1594 548 1714 614 10:
1763 548 2022 626 ἀποβὰς
2061 547 2126 620 ἔς
2163 547 2274 620 τῆν
2315 545 2578 624 Αἴγιναν
2619 544 3068 628 πορρωτέρω

693 662 802 723 τοῦ
848 655 1231 736 Ἡρακλείου.
1278 653 1351 720 Si
1392 654 1684 721 locorum
1725 657 1928 735 situm
1973 653 2208 720 melius
2255 656 2696 740 cognovissem
2713 701 2734 732 ,
2777 653 3071 718 fidentius

692 764 1183 849 pronunciarem
1226 784 1275 825 π
1292 785 1321 824 ε
1336 785 1366 841 ρ
1383 785 1462 826 αι
1482 785 1521 824 τ
1538 760 1565 824 ε’
1583 784 1613 840 ρ
1633 785 1675 824 ω
1723 759 2076 845 legendum
2121 780 2276 851 esse.

782 867 1140 934 LXXXVI.
1212 866 1375 932 Ibid.
1438 865 1514 931 V.
1584 866 1643 929 l.
1668 865 1792 929 31:
1865 865 1986 937 τὰς
2049 865 2100 928 δ’
2149 863 2362 936 ἄλλας
2425 863 2639 936 πόλεις
2702 862 3072 939 αὐτονόμους

693 977 737 1040 ἆ
756 980 811 1056 φ
828 997 856 1040 ε
874 982 1003 1038 ἵνα
1022 998 1040 1037 ι
1059 1021 1077 1050 ,
1126 973 1475 1060 praestabit
1520 972 1793 1037 scribere
1837 967 1952 1035 εἶν
1968 996 2084 1048 αι,
2135 973 2325 1036 sicuti
2365 969 2612 1057 legitur
2649 992 2780 1056 seq.
2817 990 3070 1056 paragr.

781 1078 1173 1145 LXXXVII.
1242 1078 1404 1145 Ibid.
1452 1076 1528 1142 V.
1577 1077 1641 1142 2.
1668 1077 1711 1141 4
1755 1077 2122 1164 Agesipolis
2169 1076 2573 1148 Mantineam
2615 1078 2847 1143 urbem
2891 1097 3072 1141 muro

692 1193 757 1252 et
816 1187 985 1251 fossa
1046 1184 1435 1262 circumdat,
1498 1193 1627 1256 τοῖς
1674 1184 1788 1258 μὲν
1839 1185 2087 1258 ἡμίσεσι
2134 1190 2251 1248 τῶν
2299 1164 2645 1260 στρατιωτῶν
2694 1184 3076 1261 προκαθη-

693 1292 973 1368 μένοις
1034 1291 1144 1356 σὺν
1194 1298 1322 1362 τοῖς
1366 1286 1580 1361 ὅπλοις
1625 1295 1743 1354 τῶν
1790 1287 2241 1368 ταφρευόντων,
2289 1295 2419 1360 τοῖς
2466 1287 2520 1352 δ’
2569 1287 2854 1363 ἡμίσεσιν
2903 1288 3076 1368 ε’ργα-

694 1396 983 1477 ζομένοις.
1048 1395 1230 1476 Quod
1276 1396 1489 1461 editur
1534 1393 2045 1474 προκαθημένοις,
2093 1415 2208 1480 per
2253 1396 2682 1460 coniecturam
2727 1398 2826 1462 ita
2869 1394 3077 1459 scribi-

693 1509 823 1580 tur,
884 1523 1038 1567 nam
1098 1504 1167 1565 in
1227 1501 1411 1567 libris
1466 1505 1563 1565 est
1623 1498 2178 1579 προσκαθημένοις;
2244 1499 2542 1584 equidem
2587 1507 2810 1566 autem
2854 1498 3076 1566 malim

691 1610 1105 1695 participium
1149 1607 1384 1672 referre
1430 1607 1511 1672 ad
1553 1609 1774 1691 ipsum
1819 1627 2042 1691 regem
2087 1609 2152 1670 et
2189 1606 2533 1672 rescribere
2578 1629 2627 1670 π
2643 1631 2673 1687 ρ
2692 1631 2720 1674 ο
2739 1631 2779 1670 κ
2797 1631 2840 1671 α
2861 1609 2892 1670 θ
2911 1608 2946 1680 ἡ
2959 1630 3008 1682 μ
3023 1629 3078 1670 ε-

694 1738 855 1790 νος,
906 1713 984 1778 cf.
1031 1711 1187 1777 ibid.
1234 1711 1309 1776 V.
1359 1711 1422 1776 4.
1450 1711 1559 1776 42.

783 1816 1203 1884 LXXXVIII.
1266 1816 1429 1883 Ibid.
1476 1816 1551 1882 V.
1600 1816 1816 1882 2.11:
1867 1818 2402 1897 προσήγαγον
2447 1817 2674 1890 αὐτοὺς
2722 1817 2922 1898 πρὸς
2967 1818 3072 1890 τὴν

695 1925 1054 1998 ἐκκλησίαν.
1117 1922 1345 1989 Verius
1406 1923 1700 1989 videtur:
1766 1924 2228 2001 εἰσήγαγον
2277 1907 2503 1996 αὐτοὺς
2547 1924 2665 1995 εἷς
2711 1925 2826 1998 τὴν
2869 1924 3074 1996 ἐκκλη-

694 2034 855 2108 σίαν,
902 2033 1097 2096 sicuti
1136 2029 1306 2094 infra
1350 2028 1535 2114 §332
1584 2030 1768 2093 ἐλθὼν
1816 2031 1904 2101 εἷς
1949 2032 2060 2105 τὴν
2105 2031 2459 2103 ἐκκλησίαν.

782 2135 1149 2203 LXXXIX.
1222 2134 1379 2201 Ibid.
1427 2134 1503 2200 V.
1552 2134 1613 2200 2.
1646 2132 1685 2200 ’7
1732 2141 2075 2220 postquam
2115 2135 2450 2202 Mantinea
2493 2137 2647 2202 urbs
2690 2137 2764 2200 in
2809 2143 3072 2221 quatuor

694 2247 873 2309 vicos
938 2243 1253 2326 discerpta
1314 2243 1475 2318 fuit,
1536 2238 1816 2314 ἔπεμπον
1863 2244 2080 2314 αὐτοῖς
2125 2243 2178 2306 οἱ
2227 2241 2704 2318 Λακεδαιμόνιοι
2766 2265 2794 2306 ο
2815 2243 2848 2308 ὖ
2910 2267 3000 2306 κα
3023 2241 3069 2304 θ’

697 2346 841 2426 ἕνα,
901 2349 1077 2414 ἀλλὰ
1126 2347 1231 2413 καὶ
1282 2349 1452 2417 κατὰ
1502 2339 1718 2421 κώμην
1761 2347 1989 2420 ἑκάς-ην
2033 2346 2317 2425 ξεναγόν.
2361 2347 2576 2413 Nimis
2623 2369 2884 2433 operose
2925 2348 3070 2412 haec

694 2458 1153 2539 interpretatur
1206 2453 1732 2518 Breitenbachius
1777 2475 1850 2518 ac
1896 2453 2162 2538 proinde
2206 2453 2648 2524 Hartmannus
2695 2474 2847 2518 cum
2887 2452 3070 2517 Porto

694 2563 815 2639 οὐχ
879 2557 985 2622 ἕνα
1047 2558 1567 2625 commendavit.
1606 2557 1958 2643 Aliquanto
2013 2558 2408 2644 probabilius
2452 2565 2584 2624 est:
2633 2562 2718 2624 οὐ
2737 2559 2888 2624 κέθ’
2931 2555 3066 2634 ἕνα,

634 2682 643 2692 ·
698 2665 867 2753 quod
913 2669 1109 2731 etiam
1156 2668 1291 2730 sine
1336 2666 1683 2751 interprete
1727 2664 2140 2752 intelligitur.
2505 2744 2516 2753 ,

784 2772 923 2840 XC.
1006 2772 1169 2837 Ibid.
1216 2770 1295 2836 V.
1357 2771 1421 2837 2.
1451 2769 1489 2837 ’7
1560 2776 1746 2857 capta
1805 2772 2136 2837 Mantinea
2197 2771 2560 2856 Xenophon
2617 2771 2734 2837 illa
2792 2770 3069 2838 clausula

699 2882 937 2944 utitur:
1003 2878 1383 2957 σοφωτέρων
1421 2877 1758 2954 γενομένων
1823 2877 2026 2953 ταύτῃ
2068 2901 2150 2954 γε
2196 2883 2310 2941 τῶν
2361 2877 2676 2957 ἀνθρώπων
2722 2877 2794 2941 τὸ
2839 2878 2927 2954 μὴ
2971 2875 3066 2941 διὰ

694 2990 920 3065 τειχῶν
966 2982 1250 3058 ποταμὸν
1304 2983 1747 3047 ποιεῖσθαι.
1795 2982 2003 3063 Quam
2048 2984 2168 3049 hoc
2211 2990 2613 3069 praepostere
2659 2984 2907 3069 dictum
2952 2986 3064 3059 sit,

690 3089 1051 3157 luculenter
1110 3094 1289 3175 patet
1344 3111 1422 3155 ex
1482 3088 1958 3155 Breitenbachii
2017 3090 2454 3155 adnotatione:
2521 3090 2652 3169 „Es
2709 3089 2909 3155 heisst
2953 3089 3066 3154 den

693 3197 833 3261 Bau
892 3198 1067 3260 einer
1127 3194 1514 3281 befestigten
1572 3193 1758 3260 Stadt
1818 3216 1890 3259 so
1952 3196 2388 3260 einzurichten
2407 3242 2424 3273 ,
2491 3195 2634 3260 dass
2693 3195 2847 3287 kein
2889 3194 3066 3259 Fluss

694 3304 895 3369 durch
946 3302 1048 3367 die
1094 3302 1369 3367 Mauern
1411 3302 1591 3387 geht.
1639 3300 1824 3365 Denn
1869 3304 2010 3366 eine
2055 3299 2566 3387 Voraussetzung
2611 3300 2722 3366 der
2763 3300 3068 3387 Moglich-

692 3410 833 3474 keit
849 3456 867 3486 ‚
917 3408 1059 3472 dass
1102 3428 1257 3473 man
1300 3410 1441 3472 eine
1480 3406 1667 3472 Stadt
1703 3410 1772 3470 in
1812 3407 1922 3471 der
1957 3405 2018 3471 N
2021 3408 2141 3473 iihe
2185 3410 2358 3472 eines
2398 3406 2654 3472 Flusses
2689 3407 2888 3493 fertig
2924 3408 3068 3471 baut

692 3515 827 3580 und
872 3514 1041 3579 dann
1085 3513 1208 3578 den
1251 3512 1440 3577 Fluss
1486 3512 1688 3577 durch
1735 3512 1836 3577 die
1885 3512 2072 3578 Stadt
2115 3512 2299 3578 leitet
2315 3561 2333 3591 ,
2382 3516 2472 3577 ist
2509 3513 2688 3577 nicht
2725 3517 2850 3599 gut
2887 3512 3069 3577 denk-

692 3620 869 3685 bar.”
935 3618 1225 3683 Puerum
1283 3619 1403 3683 hoc
1464 3640 1812 3704 puerorum
1874 3621 1942 3683 in
2003 3622 2286 3705 gratiam
2347 3620 2672 3704 scripsisse
2719 3618 2924 3696 dicas3
2964 3616 3061 3683 sed

695 3746 884 3790 causa
944 3726 1071 3789 fuit
1132 3730 1431 3810 corrupta
1475 3726 1791 3810 scriptura
1839 3730 1904 3789 et
1948 3726 2231 3800 ποταμὸν
2277 3749 2384 3789 πα
2402 3725 2715 3805 ρίεσθαι
2764 3744 3070 3794 commen-

697 3833 856 3897 dabo
875 3880 892 3909 ,
973 3852 1098 3916 quo
1164 3832 1471 3915 rescripto
1539 3830 2016 3896 Breitenbachii
2085 3830 2523 3897 cavillationes
2590 3828 3060 3895 declinabimus.

696 3936 1003 4007 Ceterum
1069 3936 1562 4022 Xenophontem
1631 3937 1786 4001 haec
1855 3936 2013 4001 dum
2083 3938 2397 4003 scribebat
2412 3985 2430 4015 ,
2516 3934 2944 4020 Megalopolis
3005 3938 3066 3998 et

694 4044 1045 4131 Babylonis
1110 4063 1467 4108 memorem
1533 4042 1734 4107 fuisse
1801 4045 2105 4121 coniicio;
2175 4044 2342 4108 mihi
2408 4044 2477 4108 in
2544 4048 2832 4107 mentem
2898 4042 3066 4107 venit
3172 4104 3182 4113 ,

696 4152 1095 4215 Athenarum
1180 4149 1575 4214 Batavarum
1589 4197 1606 4226 ,
1694 4149 1927 4234 quibus
1995 4152 2332 4214 immissus
2393 4148 2655 4213 Rhenus
2725 4148 2879 4213 adeo
2943 4167 3063 4211 non

694 4258 913 4321 nocuit
954 4258 1023 4319 in
1071 4255 1398 4321 obsidione
1412 4302 1430 4331 ,
1476 4257 1554 4317 ut
1598 4256 1814 4338 potius
1853 4258 2142 4321 servarit.
2192 4254 2320 4320 Sed
2357 4275 2517 4339 quae
2554 4252 2698 4317 aliis
2737 4252 3059 4338 aliquando

696 4360 1107 4448 profuerunt,
1156 4359 1299 4425 aliis
1341 4365 1724 4437 nocuerunt,
1776 4361 1856 4425 cf.
1905 4360 2094 4425 Dion.
2144 4358 2318 4427 Cass.
2367 4357 2562 4423 XXII
2609 4357 2687 4421 fr.
2739 4354 2844 4425 7¹7.

788 4464 956 4533 XCI.
1026 4465 1188 4530 Ibid.
1237 4465 1312 4530 V.
1362 4465 1425 4530 2.
1454 4464 1577 4530 23:
1640 4465 1892 4541 βέλτιον
1955 4460 2052 4530 οὖν
2114 4464 2367 4548 ἔφασαν
2429 4460 2617 4541 εἶναι,
2677 4466 2758 4535 ὥς
2818 4463 3052 4544 τάχιςα
