<?xml version="1.0" encoding="UTF-8"?>
<!DOCTYPE html PUBLIC "-//W3C//DTD XHTML 1.0 Transitional//EN"
    "http://www.w3.org/TR/xhtml1/DTD/xhtml1-transitional.dtd">
<html xmlns="http://www.w3.org/1999/xhtml" xml:lang="en" lang="en">
 <head>
  <title>
</title>
<meta http-equiv="Content-Type" content="text/html;charset=utf-8" />
  <meta name='ocr-system' content='tesseract 3.04.00' />
  <meta name='ocr-capabilities' content='ocr_page ocr_carea ocr_par ocr_line ocrx_word'/>
</head>
<body>
  <div class='ocr_page' id='page_1' title='image "./mnemosynevolume04verdgoog_0172.png"; bbox 0 0 3351 5463; ppageno 0'>
   <div class='ocr_carea' id='block_1_1' title="bbox 687 386 2195 453">
    <p class='ocr_par' dir='ltr' id='par_1_1' title="bbox 687 386 2195 453">
     <span class='ocr_line' id='line_1_1' title="bbox 687 386 2195 453; baseline 0.001 -2"><span class='ocrx_word' id='word_1_1' title='bbox 687 386 811 451; x_wconf 79' lang='lat'>162</span> <span class='ocrx_word' id='word_1_2' title='bbox 1545 403 2195 453; x_wconf 67' lang='lat' dir='ltr'>onsnnvssmncumn</span> 
     </span>
    </p>
   </div>
   <div class='ocr_carea' id='block_1_2' title="bbox 680 570 3091 3519">
    <p class='ocr_par' dir='ltr' id='par_1_2' title="bbox 680 570 3091 3519">
     <span class='ocr_line' id='line_1_2' title="bbox 681 570 3064 649; baseline -0 -13"><span class='ocrx_word' id='word_1_3' title='bbox 681 578 810 637; x_wconf 88' lang='lat' dir='ltr'>est:</span> <span class='ocrx_word' id='word_1_4' title='bbox 861 571 1219 636; x_wconf 88' lang='lat' dir='ltr'>donationis</span> <span class='ocrx_word' id='word_1_5' title='bbox 1238 618 1255 648; x_wconf 95' lang='lat'>,</span> <span class='ocrx_word' id='word_1_6' title='bbox 1301 575 1378 635; x_wconf 88' lang='lat' dir='ltr'>ut</span> <span class='ocrx_word' id='word_1_7' title='bbox 1423 575 1637 637; x_wconf 87' lang='lat' dir='ltr'>teneat</span> <span class='ocrx_word' id='word_1_8' title='bbox 1684 571 1976 648; x_wconf 85' lang='lat' dir='ltr'>donatio,</span> <span class='ocrx_word' id='word_1_9' title='bbox 2026 572 2488 637; x_wconf 67' lang='lat' dir='ltr'><em>introductionis</em></span> <span class='ocrx_word' id='word_1_10' title='bbox 2535 592 2722 649; x_wconf 77' lang='lat' dir='ltr'>veru,</span> <span class='ocrx_word' id='word_1_11' title='bbox 2764 577 2840 636; x_wconf 90' lang='lat' dir='ltr'>ut</span> <span class='ocrx_word' id='word_1_12' title='bbox 2875 570 3064 635; x_wconf 86' lang='lat' dir='ltr'>firma</span> 
     </span>
     <span class='ocr_line' id='line_1_3' title="bbox 680 660 3064 763; baseline -0.001 -21"><span class='ocrx_word' id='word_1_13' title='bbox 680 681 765 743; x_wconf 90' lang='lat' dir='ltr'>sit</span> <span class='ocrx_word' id='word_1_14' title='bbox 831 680 1141 761; x_wconf 77' lang='lat' dir='ltr'>possessio</span> <span class='ocrx_word' id='word_1_15' title='bbox 1215 683 1275 742; x_wconf 85' lang='lat' dir='ltr'>et</span> <span class='ocrx_word' id='word_1_16' title='bbox 1347 698 1460 761; x_wconf 90' lang='lat' dir='ltr'>per</span> <span class='ocrx_word' id='word_1_17' title='bbox 1520 660 1681 741; x_wconf 85' lang='lat' dir='ltr'>hanc</span> <span class='ocrx_word' id='word_1_18' title='bbox 1743 677 2122 743; x_wconf 90' lang='lat' dir='ltr'>dominium.</span> <span class='ocrx_word' id='word_1_19' title='bbox 2188 677 2578 763; x_wconf 76' lang='lat' dir='ltr'>Separantur</span> <span class='ocrx_word' id='word_1_20' title='bbox 2638 678 2793 743; x_wconf 88' lang='lat' dir='ltr'>haec</span> <span class='ocrx_word' id='word_1_21' title='bbox 2855 677 3064 741; x_wconf 85' lang='lat' dir='ltr'>edicto</span> 
     </span>
     <span class='ocr_line' id='line_1_4' title="bbox 681 781 3068 868; baseline -0 -19"><span class='ocrx_word' id='word_1_22' title='bbox 681 784 1061 849; x_wconf 79' lang='lat' dir='ltr'>Theoderici</span> <span class='ocrx_word' id='word_1_23' title='bbox 1112 788 1272 868; x_wconf 91' lang='lat' dir='ltr'>(cap.</span> <span class='ocrx_word' id='word_1_24' title='bbox 1326 782 1410 848; x_wconf 82' lang='lat'>52</span> <span class='ocrx_word' id='word_1_25' title='bbox 1458 789 1521 847; x_wconf 88' lang='lat' dir='ltr'>et</span> <span class='ocrx_word' id='word_1_26' title='bbox 1572 781 1706 863; x_wconf 88' lang='lat'><strong>53),</strong></span> <span class='ocrx_word' id='word_1_27' title='bbox 1755 783 1864 847; x_wconf 92' lang='lat' dir='ltr'>sed</span> <span class='ocrx_word' id='word_1_28' title='bbox 1910 786 2042 847; x_wconf 89' lang='lat' dir='ltr'>iam</span> <span class='ocrx_word' id='word_1_29' title='bbox 2088 788 2274 849; x_wconf 83' lang='lat' dir='ltr'>antea</span> <span class='ocrx_word' id='word_1_30' title='bbox 2307 786 2376 847; x_wconf 91' lang='grc'>111</span> <span class='ocrx_word' id='word_1_31' title='bbox 2417 784 2754 851; x_wconf 81' lang='lat' dir='ltr'>donatione</span> <span class='ocrx_word' id='word_1_32' title='bbox 2794 784 3068 849; x_wconf 81' lang='lat' dir='ltr'>Odoacri</span> 
     </span>
     <span class='ocr_line' id='line_1_5' title="bbox 682 886 3069 975; baseline 0 -22"><span class='ocrx_word' id='word_1_33' title='bbox 682 911 875 975; x_wconf 88' lang='lat' dir='ltr'>quam</span> <span class='ocrx_word' id='word_1_34' title='bbox 937 889 1150 953; x_wconf 83' lang='lat' dir='ltr'>Pierio</span> <span class='ocrx_word' id='word_1_35' title='bbox 1197 889 1437 953; x_wconf 87' lang='lat' dir='ltr'>confert</span> <span class='ocrx_word' id='word_1_36' title='bbox 1468 886 1538 968; x_wconf 85' lang='grc'>1).</span> <span class='ocrx_word' id='word_1_37' title='bbox 1602 888 1688 951; x_wconf 83' lang='lat' dir='ltr'>Et</span> <span class='ocrx_word' id='word_1_38' title='bbox 1734 894 1918 973; x_wconf 76' lang='lat' dir='ltr'>gesta</span> <span class='ocrx_word' id='word_1_39' title='bbox 1965 888 2224 972; x_wconf 91' lang='lat' dir='ltr'>quidem</span> <span class='ocrx_word' id='word_1_40' title='bbox 2273 889 2630 954; x_wconf 88' lang='lat' dir='ltr'>donationis</span> <span class='ocrx_word' id='word_1_41' title='bbox 2674 892 3069 974; x_wconf 90' lang='lat' dir='ltr'>ubicumque</span> 
     </span>
     <span class='ocr_line' id='line_1_6' title="bbox 681 992 3072 1073; baseline -0.001 -12"><span class='ocrx_word' id='word_1_42' title='bbox 681 996 819 1061; x_wconf 88' lang='lat' dir='ltr'>fieri</span> <span class='ocrx_word' id='word_1_43' title='bbox 886 994 1269 1069; x_wconf 81' lang='lat' dir='ltr'>conceditur,</span> <span class='ocrx_word' id='word_1_44' title='bbox 1341 992 1830 1058; x_wconf 78' lang='lat' dir='ltr'>introductionis</span> <span class='ocrx_word' id='word_1_45' title='bbox 1900 1014 2052 1059; x_wconf 88' lang='lat' dir='ltr'>vero</span> <span class='ocrx_word' id='word_1_46' title='bbox 2115 995 2208 1059; x_wconf 91' lang='lat' dir='ltr'>ibi</span> <span class='ocrx_word' id='word_1_47' title='bbox 2270 994 2656 1060; x_wconf 88' lang='lat' dir='ltr'>conficienda</span> <span class='ocrx_word' id='word_1_48' title='bbox 2719 1002 2868 1060; x_wconf 90' lang='lat' dir='ltr'>sunt</span> <span class='ocrx_word' id='word_1_49' title='bbox 2888 1044 2904 1073; x_wconf 90' lang='lat'>,</span> <span class='ocrx_word' id='word_1_50' title='bbox 2952 996 3072 1059; x_wconf 89' lang='lat' dir='ltr'>ubi</span> 
     </span>
     <span class='ocr_line' id='line_1_7' title="bbox 680 1098 3071 1187; baseline -0.002 -19"><span class='ocrx_word' id='word_1_51' title='bbox 680 1106 819 1187; x_wconf 88' lang='lat' dir='ltr'>ipsa</span> <span class='ocrx_word' id='word_1_52' title='bbox 881 1101 1141 1165; x_wconf 85' lang='lat' dir='ltr'>traditio</span> <span class='ocrx_word' id='word_1_53' title='bbox 1204 1099 1563 1185; x_wconf 84' lang='lat' dir='ltr'>peragenda</span> <span class='ocrx_word' id='word_1_54' title='bbox 1625 1105 1758 1175; x_wconf 91' lang='lat' dir='ltr'>est,</span> <span class='ocrx_word' id='word_1_55' title='bbox 1808 1099 1875 1163; x_wconf 92' lang='lat' dir='ltr'>id</span> <span class='ocrx_word' id='word_1_56' title='bbox 1922 1106 2016 1164; x_wconf 88' lang='lat' dir='ltr'>est</span> <span class='ocrx_word' id='word_1_57' title='bbox 2063 1100 2130 1163; x_wconf 90' lang='lat' dir='ltr'>in</span> <span class='ocrx_word' id='word_1_58' title='bbox 2180 1100 2324 1163; x_wconf 72' lang='lat' dir='ltr'>locis</span> <span class='ocrx_word' id='word_1_59' title='bbox 2351 1098 2423 1179; x_wconf 80' lang='lat'>⁸).</span> <span class='ocrx_word' id='word_1_60' title='bbox 2471 1101 2569 1165; x_wconf 84' lang='lat' dir='ltr'>Ex</span> <span class='ocrx_word' id='word_1_61' title='bbox 2617 1101 2902 1178; x_wconf 88' lang='lat' dir='ltr'>diverso,</span> <span class='ocrx_word' id='word_1_62' title='bbox 2951 1102 3071 1165; x_wconf 89' lang='lat' dir='ltr'>ubi</span> 
     </span>
     <span class='ocr_line' id='line_1_8' title="bbox 682 1204 3073 1295; baseline -0 -24"><span class='ocrx_word' id='word_1_63' title='bbox 682 1207 1017 1295; x_wconf 83' lang='lat' dir='ltr'>praedium</span> <span class='ocrx_word' id='word_1_64' title='bbox 1057 1208 1261 1290; x_wconf 88' lang='lat' dir='ltr'>pretio</span> <span class='ocrx_word' id='word_1_65' title='bbox 1300 1208 1475 1270; x_wconf 87' lang='lat' dir='ltr'>venit</span> <span class='ocrx_word' id='word_1_66' title='bbox 1493 1253 1510 1282; x_wconf 94' lang='lat'>,</span> <span class='ocrx_word' id='word_1_67' title='bbox 1550 1204 2015 1268; x_wconf 72' lang='lat' dir='ltr'>introductionis</span> <span class='ocrx_word' id='word_1_68' title='bbox 2050 1211 2234 1291; x_wconf 82' lang='lat' dir='ltr'>gesta</span> <span class='ocrx_word' id='word_1_69' title='bbox 2273 1206 2626 1283; x_wconf 89' lang='lat' dir='ltr'>sufficiunt,</span> <span class='ocrx_word' id='word_1_70' title='bbox 2669 1207 3073 1271; x_wconf 84' lang='lat' dir='ltr'>sufficiebant</span> 
     </span>
     <span class='ocr_line' id='line_1_9' title="bbox 682 1310 3071 1397; baseline -0.001 -19"><span class='ocrx_word' id='word_1_71' title='bbox 682 1316 911 1397; x_wconf 82' lang='lat' dir='ltr'>utique</span> <span class='ocrx_word' id='word_1_72' title='bbox 950 1317 1097 1376; x_wconf 88' lang='lat' dir='ltr'>ante</span> <span class='ocrx_word' id='word_1_73' title='bbox 1138 1311 1460 1377; x_wconf 85' lang='lat' dir='ltr'>novellam</span> <span class='ocrx_word' id='word_1_74' title='bbox 1510 1313 2038 1375; x_wconf 85' lang='lat' dir='ltr'>constitutionem</span> <span class='ocrx_word' id='word_1_75' title='bbox 2076 1310 2508 1375; x_wconf 70' lang='lat' dir='ltr'>Valentiniani</span> <span class='ocrx_word' id='word_1_76' title='bbox 2556 1311 2632 1376; x_wconf 93' lang='lat' dir='ltr'>de</span> <span class='ocrx_word' id='word_1_77' title='bbox 2680 1310 3071 1397; x_wconf 88' lang='lat' dir='ltr'>siliquarum</span> 
     </span>
     <span class='ocr_line' id='line_1_10' title="bbox 684 1413 3072 1501; baseline -0.001 -18"><span class='ocrx_word' id='word_1_78' title='bbox 684 1418 1155 1493; x_wconf 85' lang='lat' dir='ltr'>exactionibus,</span> <span class='ocrx_word' id='word_1_79' title='bbox 1223 1437 1417 1501; x_wconf 90' lang='lat' dir='ltr'>quam</span> <span class='ocrx_word' id='word_1_80' title='bbox 1479 1413 1780 1481; x_wconf 88' lang='lat' dir='ltr'>Ouiacius</span> <span class='ocrx_word' id='word_1_81' title='bbox 1844 1416 2042 1481; x_wconf 88' lang='lat' dir='ltr'>edidit</span> <span class='ocrx_word' id='word_1_82' title='bbox 2105 1416 2364 1499; x_wconf 76' lang='lat' dir='ltr'>Observ.</span> <span class='ocrx_word' id='word_1_83' title='bbox 2419 1416 2592 1493; x_wconf 87' lang='lat' dir='ltr'>XVI,</span> <span class='ocrx_word' id='word_1_84' title='bbox 2641 1438 2692 1483; x_wconf 93' lang='lat' dir='ltr'>c.</span> <span class='ocrx_word' id='word_1_85' title='bbox 2741 1416 2828 1481; x_wconf 80' lang='lat'>23</span> <span class='ocrx_word' id='word_1_86' title='bbox 2849 1437 2865 1493; x_wconf 88' lang='lat'>;</span> <span class='ocrx_word' id='word_1_87' title='bbox 2916 1438 3072 1481; x_wconf 88' lang='lat' dir='ltr'>nam</span> 
     </span>
     <span class='ocr_line' id='line_1_11' title="bbox 680 1520 3076 1607; baseline -0.001 -19"><span class='ocrx_word' id='word_1_88' title='bbox 680 1526 776 1588; x_wconf 89' lang='lat' dir='ltr'>ibi</span> <span class='ocrx_word' id='word_1_89' title='bbox 837 1545 916 1586; x_wconf 89' lang='lat' dir='ltr'>ne</span> <span class='ocrx_word' id='word_1_90' title='bbox 978 1522 1349 1585; x_wconf 76' lang='lat' dir='ltr'>clanculario</span> <span class='ocrx_word' id='word_1_91' title='bbox 1399 1520 1794 1585; x_wconf 84' lang='lat' dir='ltr'>venditiones</span> <span class='ocrx_word' id='word_1_92' title='bbox 1841 1520 1996 1585; x_wconf 86' lang='lat' dir='ltr'>fiant</span> <span class='ocrx_word' id='word_1_93' title='bbox 2043 1524 2109 1585; x_wconf 89' lang='grc'>13</span> <span class='ocrx_word' id='word_1_94' title='bbox 2159 1521 2448 1585; x_wconf 90' lang='lat' dir='ltr'>fraudem</span> <span class='ocrx_word' id='word_1_95' title='bbox 2500 1521 2744 1606; x_wconf 86' lang='lat' dir='ltr'>publici</span> <span class='ocrx_word' id='word_1_96' title='bbox 2788 1525 3076 1607; x_wconf 81' lang='lat' dir='ltr'>vectiga-</span> 
     </span>
     <span class='ocr_line' id='line_1_12' title="bbox 683 1618 3077 1713; baseline -0.001 -19"><span class='ocrx_word' id='word_1_97' title='bbox 683 1629 764 1694; x_wconf 90' lang='lat' dir='ltr'>lis</span> <span class='ocrx_word' id='word_1_98' title='bbox 782 1678 799 1705; x_wconf 92' lang='lat'>,</span> <span class='ocrx_word' id='word_1_99' title='bbox 861 1628 1330 1713; x_wconf 83' lang='lat' dir='ltr'>praescribitur,</span> <span class='ocrx_word' id='word_1_100' title='bbox 1385 1633 1454 1689; x_wconf 82' lang='lat' dir='ltr'>ut</span> <span class='ocrx_word' id='word_1_101' title='bbox 1510 1626 1697 1707; x_wconf 67' lang='lat' dir='ltr'>yestn&#39;s</span> <span class='ocrx_word' id='word_1_102' title='bbox 1758 1618 2242 1708; x_wconf 67' lang='lat' dir='ltr'>municipalibus</span> <span class='ocrx_word' id='word_1_103' title='bbox 2266 1626 2650 1690; x_wconf 78' lang='lat' dir='ltr'>immobilium</span> <span class='ocrx_word' id='word_1_104' title='bbox 2695 1650 2893 1691; x_wconf 82' lang='lat' dir='ltr'>rerum</span> <span class='ocrx_word' id='word_1_105' title='bbox 2941 1651 3077 1691; x_wconf 83' lang='lat' dir='ltr'>cou-</span> 
     </span>
     <span class='ocr_line' id='line_1_13' title="bbox 687 1731 3079 1814; baseline 0 -17"><span class='ocrx_word' id='word_1_106' title='bbox 687 1741 913 1798; x_wconf 74' lang='lat' dir='ltr'>tractus</span> <span class='ocrx_word' id='word_1_107' title='bbox 950 1735 1160 1797; x_wconf 88' lang='lat' dir='ltr'>omnis</span> <span class='ocrx_word' id='word_1_108' title='bbox 1202 1739 1422 1796; x_wconf 72' lang='lat' dir='ltr'>constet</span> <span class='ocrx_word' id='word_1_109' title='bbox 1458 1732 1650 1794; x_wconf 69' lang='lat' dir='ltr'>initus</span> <span class='ocrx_word' id='word_1_110' title='bbox 1687 1736 1802 1796; x_wconf 92' lang='lat' dir='ltr'>aut</span> <span class='ocrx_word' id='word_1_111' title='bbox 1839 1739 2042 1795; x_wconf 76' lang='lat' dir='ltr'>careat</span> <span class='ocrx_word' id='word_1_112' title='bbox 2058 1732 2359 1814; x_wconf 80' lang='lat' dir='ltr'>firmitate</span> <span class='ocrx_word' id='word_1_113' title='bbox 2387 1731 2458 1811; x_wconf 83' lang='lat'>3).</span> <span class='ocrx_word' id='word_1_114' title='bbox 2497 1732 2671 1813; x_wconf 82' lang='lat' dir='ltr'>Quae</span> <span class='ocrx_word' id='word_1_115' title='bbox 2695 1736 3079 1799; x_wconf 85' lang='lat' dir='ltr'>constitutio</span> 
     </span>
     <span class='ocr_line' id='line_1_14' title="bbox 685 1823 3072 1921; baseline -0.001 -16"><span class='ocrx_word' id='word_1_116' title='bbox 685 1862 844 1905; x_wconf 91' lang='lat' dir='ltr'>num</span> <span class='ocrx_word' id='word_1_117' title='bbox 891 1839 1250 1903; x_wconf 87' lang='lat' dir='ltr'>Occidentis</span> <span class='ocrx_word' id='word_1_118' title='bbox 1297 1844 1495 1914; x_wconf 90' lang='lat' dir='ltr'>esset,</span> <span class='ocrx_word' id='word_1_119' title='bbox 1537 1838 1995 1903; x_wconf 87' lang='lat' dir='ltr'>dubitaverunt</span> <span class='ocrx_word' id='word_1_120' title='bbox 2032 1837 2295 1921; x_wconf 90' lang='lat' dir='ltr'>quidam</span> <span class='ocrx_word' id='word_1_121' title='bbox 2313 1823 2331 1914; x_wconf 84' lang='lat'>,</span> <span class='ocrx_word' id='word_1_122' title='bbox 2373 1838 2486 1902; x_wconf 91' lang='lat' dir='ltr'>sed</span> <span class='ocrx_word' id='word_1_123' title='bbox 2525 1859 2650 1902; x_wconf 89' lang='lat' dir='ltr'>non</span> <span class='ocrx_word' id='word_1_124' title='bbox 2691 1838 3072 1916; x_wconf 86' lang='lat' dir='ltr'>debuerant,</span> 
     </span>
     <span class='ocr_line' id='line_1_15' title="bbox 684 1941 3080 2033; baseline -0.002 -22"><span class='ocrx_word' id='word_1_125' title='bbox 684 1949 835 2033; x_wconf 90' lang='lat' dir='ltr'>quia</span> <span class='ocrx_word' id='word_1_126' title='bbox 873 1947 1211 2029; x_wconf 88' lang='lat' dir='ltr'>respicitur</span> <span class='ocrx_word' id='word_1_127' title='bbox 1248 1946 1315 2007; x_wconf 91' lang='lat' dir='ltr'>in</span> <span class='ocrx_word' id='word_1_128' title='bbox 1364 1943 1563 2008; x_wconf 87' lang='lat' dir='ltr'>altera</span> <span class='ocrx_word' id='word_1_129' title='bbox 1610 1941 2042 2007; x_wconf 86' lang='lat' dir='ltr'>Valentiniani</span> <span class='ocrx_word' id='word_1_130' title='bbox 2089 1942 2340 2009; x_wconf 86' lang='lat' dir='ltr'>novella</span> <span class='ocrx_word' id='word_1_131' title='bbox 2387 1946 2460 2007; x_wconf 78' lang='lat' dir='ltr'>de</span> <span class='ocrx_word' id='word_1_132' title='bbox 2504 1944 2932 2025; x_wconf 72' lang='lat' dir='ltr'>confirmandis</span> <span class='ocrx_word' id='word_1_133' title='bbox 2979 1944 3080 2007; x_wconf 71' lang='lat' dir='ltr'>liic</span> 
     </span>
     <span class='ocr_line' id='line_1_16' title="bbox 684 2048 3080 2133; baseline -0.002 -16"><span class='ocrx_word' id='word_1_134' title='bbox 684 2058 801 2117; x_wconf 87' lang='lat' dir='ltr'>etc.</span> <span class='ocrx_word' id='word_1_135' title='bbox 852 2054 980 2130; x_wconf 88' lang='lat' dir='ltr'>(tit.</span> <span class='ocrx_word' id='word_1_136' title='bbox 1031 2050 1259 2113; x_wconf 88' lang='lat' dir='ltr'>XXXI</span> <span class='ocrx_word' id='word_1_137' title='bbox 1307 2071 1357 2113; x_wconf 87' lang='lat' dir='ltr'>c.</span> <span class='ocrx_word' id='word_1_138' title='bbox 1414 2049 1447 2113; x_wconf 90' lang='grc'>1</span> <span class='ocrx_word' id='word_1_139' title='bbox 1498 2054 1625 2133; x_wconf 82' lang='grc'><strong>111.)</strong></span> <span class='ocrx_word' id='word_1_140' title='bbox 1674 2050 1917 2113; x_wconf 86' lang='lat' dir='ltr'>verbis:</span> <span class='ocrx_word' id='word_1_141' title='bbox 1967 2049 2164 2113; x_wconf 75' lang='lat' dir='ltr'>sciunt</span> <span class='ocrx_word' id='word_1_142' title='bbox 2209 2048 2262 2111; x_wconf 85' lang='lat' dir='ltr'>ii</span> <span class='ocrx_word' id='word_1_143' title='bbox 2303 2050 2470 2129; x_wconf 77' lang='lat' dir='ltr'>apud</span> <span class='ocrx_word' id='word_1_144' title='bbox 2513 2071 2656 2133; x_wconf 73' lang='lat' dir='ltr'>quoe</span> <span class='ocrx_word' id='word_1_145' title='bbox 2703 2048 3080 2113; x_wconf 71' lang='lat' dir='ltr'>venditionis</span> 
     </span>
     <span class='ocr_line' id='line_1_17' title="bbox 683 2154 3077 2240; baseline -0 -19"><span class='ocrx_word' id='word_1_146' title='bbox 683 2161 1087 2223; x_wconf 76' lang='lat' dir='ltr'>documentum</span> <span class='ocrx_word' id='word_1_147' title='bbox 1132 2177 1361 2219; x_wconf 68' lang='lat' dir='ltr'>nece-sce</span> <span class='ocrx_word' id='word_1_148' title='bbox 1406 2161 1493 2217; x_wconf 74' lang='lat' dir='ltr'>cst</span> <span class='ocrx_word' id='word_1_149' title='bbox 1536 2154 1817 2234; x_wconf 72' lang='lat' dir='ltr'>alleyari.</span> <span class='ocrx_word' id='word_1_150' title='bbox 1868 2154 2166 2231; x_wconf 90' lang='lat' dir='ltr'>Accedit,</span> <span class='ocrx_word' id='word_1_151' title='bbox 2217 2155 2384 2238; x_wconf 88' lang='lat' dir='ltr'>quod</span> <span class='ocrx_word' id='word_1_152' title='bbox 2433 2154 2880 2240; x_wconf 84' lang='lat' dir='ltr'>siliquaticum</span> <span class='ocrx_word' id='word_1_153' title='bbox 2928 2176 3077 2220; x_wconf 78' lang='lat' dir='ltr'>vec-</span> 
     </span>
     <span class='ocr_line' id='line_1_18' title="bbox 683 2260 3082 2346; baseline -0.001 -19"><span class='ocrx_word' id='word_1_154' title='bbox 683 2262 881 2345; x_wconf 70' lang='lat' dir='ltr'>tigal,</span> <span class='ocrx_word' id='word_1_155' title='bbox 947 2262 1195 2326; x_wconf 88' lang='lat' dir='ltr'>Orienti</span> <span class='ocrx_word' id='word_1_156' title='bbox 1255 2263 1660 2346; x_wconf 81' lang='lat' dir='ltr'>incognitum</span> <span class='ocrx_word' id='word_1_157' title='bbox 1683 2309 1699 2337; x_wconf 93' lang='lat'>,</span> <span class='ocrx_word' id='word_1_158' title='bbox 1749 2263 1818 2323; x_wconf 89' lang='lat' dir='ltr'>in</span> <span class='ocrx_word' id='word_1_159' title='bbox 1863 2260 2049 2324; x_wconf 88' lang='lat' dir='ltr'>Italia</span> <span class='ocrx_word' id='word_1_160' title='bbox 2095 2262 2456 2345; x_wconf 74' lang='lat' dir='ltr'>supervixit</span> <span class='ocrx_word' id='word_1_161' title='bbox 2500 2266 2790 2346; x_wconf 87' lang='lat' dir='ltr'>tempore</span> <span class='ocrx_word' id='word_1_162' title='bbox 2837 2266 2902 2325; x_wconf 90' lang='grc'>31</span> <span class='ocrx_word' id='word_1_163' title='bbox 2953 2260 3082 2326; x_wconf 88' lang='lat' dir='ltr'>fide</span> 
     </span>
     <span class='ocr_line' id='line_1_19' title="bbox 684 2365 3084 2449; baseline -0.001 -14"><span class='ocrx_word' id='word_1_164' title='bbox 684 2368 1040 2435; x_wconf 87' lang='lat' dir='ltr'>Cassiodori</span> <span class='ocrx_word' id='word_1_165' title='bbox 1064 2365 1138 2447; x_wconf 82' lang='lat'>4).</span> <span class='ocrx_word' id='word_1_166' title='bbox 1179 2366 1532 2431; x_wconf 89' lang='lat' dir='ltr'>Iustiniano</span> <span class='ocrx_word' id='word_1_167' title='bbox 1572 2368 1712 2430; x_wconf 87' lang='lat' dir='ltr'>iure</span> <span class='ocrx_word' id='word_1_168' title='bbox 1749 2385 1863 2429; x_wconf 90' lang='lat' dir='ltr'>nec</span> <span class='ocrx_word' id='word_1_169' title='bbox 1897 2386 2213 2449; x_wconf 90' lang='lat' dir='ltr'>umquam</span> <span class='ocrx_word' id='word_1_170' title='bbox 2252 2368 2600 2449; x_wconf 82' lang='lat' dir='ltr'>requiritur</span> <span class='ocrx_word' id='word_1_171' title='bbox 2635 2368 2704 2431; x_wconf 90' lang='lat' dir='ltr'>in</span> <span class='ocrx_word' id='word_1_172' title='bbox 2728 2366 3084 2433; x_wconf 87' lang='lat' dir='ltr'>traditione</span> 
     </span>
     <span class='ocr_line' id='line_1_20' title="bbox 683 2470 3086 2558; baseline -0.001 -19"><span class='ocrx_word' id='word_1_173' title='bbox 683 2473 1045 2540; x_wconf 85' lang='lat' dir='ltr'>vicinorum</span> <span class='ocrx_word' id='word_1_174' title='bbox 1106 2474 1463 2558; x_wconf 88' lang='lat' dir='ltr'>praesentia</span> <span class='ocrx_word' id='word_1_175' title='bbox 1480 2520 1497 2549; x_wconf 94' lang='lat'>,</span> <span class='ocrx_word' id='word_1_176' title='bbox 1560 2474 1711 2554; x_wconf 88' lang='lat' dir='ltr'>quia</span> <span class='ocrx_word' id='word_1_177' title='bbox 1773 2470 2007 2535; x_wconf 89' lang='lat' dir='ltr'>Zenoni</span> <span class='ocrx_word' id='word_1_178' title='bbox 2050 2473 2416 2553; x_wconf 73' lang='lat' dir='ltr'>superfluum</span> <span class='ocrx_word' id='word_1_179' title='bbox 2463 2474 2682 2538; x_wconf 85' lang='lat' dir='ltr'>visum</span> <span class='ocrx_word' id='word_1_180' title='bbox 2730 2476 2827 2537; x_wconf 88' lang='lat' dir='ltr'>est</span> <span class='ocrx_word' id='word_1_181' title='bbox 2859 2473 3086 2553; x_wconf 81' lang='lat' dir='ltr'>priva-</span> 
     </span>
     <span class='ocr_line' id='line_1_21' title="bbox 684 2576 3085 2657; baseline 0 -15"><span class='ocrx_word' id='word_1_182' title='bbox 684 2588 804 2643; x_wconf 87' lang='lat' dir='ltr'>tum</span> <span class='ocrx_word' id='word_1_183' title='bbox 864 2577 1262 2642; x_wconf 72' lang='lat' dir='ltr'>testimonium</span> <span class='ocrx_word' id='word_1_184' title='bbox 1280 2625 1295 2653; x_wconf 94' lang='lat'>,</span> <span class='ocrx_word' id='word_1_185' title='bbox 1358 2577 1471 2641; x_wconf 93' lang='lat' dir='ltr'>ubi</span> <span class='ocrx_word' id='word_1_186' title='bbox 1528 2576 1775 2657; x_wconf 76' lang='lat' dir='ltr'>pubbioa</span> <span class='ocrx_word' id='word_1_187' title='bbox 1835 2584 2206 2643; x_wconf 83' lang='lat' dir='ltr'>monumenta</span> <span class='ocrx_word' id='word_1_188' title='bbox 2251 2576 2602 2642; x_wconf 88' lang='lat' dir='ltr'>habeantur</span> <span class='ocrx_word' id='word_1_189' title='bbox 2629 2577 2718 2657; x_wconf 68' lang='grc'>5);</span> <span class='ocrx_word' id='word_1_190' title='bbox 2769 2599 2885 2643; x_wconf 91' lang='lat' dir='ltr'>nec</span> <span class='ocrx_word' id='word_1_191' title='bbox 2935 2601 3085 2643; x_wconf 90' lang='lat' dir='ltr'>um-</span> 
     </span>
     <span class='ocr_line' id='line_1_22' title="bbox 683 2682 3086 2771; baseline 0.001 -22"><span class='ocrx_word' id='word_1_192' title='bbox 683 2705 877 2771; x_wconf 90' lang='lat' dir='ltr'>quam</span> <span class='ocrx_word' id='word_1_193' title='bbox 945 2686 1304 2749; x_wconf 88' lang='lat' dir='ltr'>remittitur</span> <span class='ocrx_word' id='word_1_194' title='bbox 1372 2689 1663 2748; x_wconf 86' lang='lat' dir='ltr'>actorum</span> <span class='ocrx_word' id='word_1_195' title='bbox 1736 2682 2041 2748; x_wconf 89' lang='lat' dir='ltr'>confectio</span> <span class='ocrx_word' id='word_1_196' title='bbox 2111 2689 2190 2762; x_wconf 91' lang='lat' dir='ltr'>(c.</span> <span class='ocrx_word' id='word_1_197' title='bbox 2249 2682 2282 2747; x_wconf 98' lang='grc'>1</span> <span class='ocrx_word' id='word_1_198' title='bbox 2352 2684 2470 2769; x_wconf 69' lang='lat'>§2</span> <span class='ocrx_word' id='word_1_199' title='bbox 2536 2682 2606 2750; x_wconf 83' lang='grc' dir='ltr'>Ο.</span> <span class='ocrx_word' id='word_1_200' title='bbox 2657 2683 2718 2748; x_wconf 91' lang='lat'>4.</span> <span class='ocrx_word' id='word_1_201' title='bbox 2749 2683 2838 2764; x_wconf 88' lang='lat'>3),</span> <span class='ocrx_word' id='word_1_202' title='bbox 2913 2706 3086 2770; x_wconf 87' lang='lat' dir='ltr'>quae</span> 
     </span>
     <span class='ocr_line' id='line_1_23' title="bbox 684 2789 3083 2875; baseline 0 -19"><span class='ocrx_word' id='word_1_203' title='bbox 684 2791 1115 2856; x_wconf 87' lang='lat' dir='ltr'>defensoribus</span> <span class='ocrx_word' id='word_1_204' title='bbox 1163 2790 1350 2854; x_wconf 86' lang='lat' dir='ltr'>datur</span> <span class='ocrx_word' id='word_1_205' title='bbox 1398 2809 1476 2853; x_wconf 80' lang='lat' dir='ltr'>ex</span> <span class='ocrx_word' id='word_1_206' title='bbox 1521 2789 1730 2853; x_wconf 87' lang='lat' dir='ltr'>forma</span> <span class='ocrx_word' id='word_1_207' title='bbox 1776 2789 1990 2864; x_wconf 89' lang='lat' dir='ltr'>Bassi,</span> <span class='ocrx_word' id='word_1_208' title='bbox 2043 2791 2160 2852; x_wconf 91' lang='lat' dir='ltr'>sub</span> <span class='ocrx_word' id='word_1_209' title='bbox 2209 2789 2566 2854; x_wconf 88' lang='lat' dir='ltr'>Iustiniano</span> <span class='ocrx_word' id='word_1_210' title='bbox 2614 2795 2711 2854; x_wconf 86' lang='lat' dir='ltr'>ter</span> <span class='ocrx_word' id='word_1_211' title='bbox 2760 2792 3083 2875; x_wconf 86' lang='lat' dir='ltr'>praefecti</span> 
     </span>
     <span class='ocr_line' id='line_1_24' title="bbox 684 2891 3086 2977; baseline 0.002 -18"><span class='ocrx_word' id='word_1_212' title='bbox 684 2898 891 2975; x_wconf 91' lang='lat' dir='ltr'>(annis</span> <span class='ocrx_word' id='word_1_213' title='bbox 940 2893 1092 2970; x_wconf 88' lang='lat'>533,</span> <span class='ocrx_word' id='word_1_214' title='bbox 1144 2893 1297 2970; x_wconf 78' lang='lat'>541,</span> <span class='ocrx_word' id='word_1_215' title='bbox 1349 2891 1528 2973; x_wconf 85' lang='lat'>547),</span> <span class='ocrx_word' id='word_1_216' title='bbox 1592 2914 1754 2977; x_wconf 88' lang='lat' dir='ltr'>quae</span> <span class='ocrx_word' id='word_1_217' title='bbox 1817 2894 2023 2975; x_wconf 71' lang='lat' dir='ltr'>forma</span> <span class='ocrx_word' id='word_1_218' title='bbox 2082 2894 2274 2959; x_wconf 84' lang='lat' dir='ltr'>hodie</span> <span class='ocrx_word' id='word_1_219' title='bbox 2323 2901 2422 2958; x_wconf 90' lang='lat' dir='ltr'>est</span> <span class='ocrx_word' id='word_1_220' title='bbox 2466 2893 2629 2959; x_wconf 88' lang='lat' dir='ltr'>Nov.</span> <span class='ocrx_word' id='word_1_221' title='bbox 2685 2893 2834 2973; x_wconf 83' lang='lat'>16¹7,</span> <span class='ocrx_word' id='word_1_222' title='bbox 2887 2900 3086 2963; x_wconf 87' lang='lat' dir='ltr'>cuius</span> 
     </span>
     <span class='ocr_line' id='line_1_25' title="bbox 683 2999 3087 3077; baseline 0.001 -13"><span class='ocrx_word' id='word_1_223' title='bbox 683 3001 788 3064; x_wconf 86' lang='lat' dir='ltr'>hic</span> <span class='ocrx_word' id='word_1_224' title='bbox 851 3006 1065 3064; x_wconf 86' lang='lat' dir='ltr'>tenor:</span> <span class='ocrx_word' id='word_1_225' title='bbox 1120 3046 1135 3062; x_wconf 88' lang='lat'>.</span> <span class='ocrx_word' id='word_1_226' title='bbox 1166 3047 1179 3062; x_wconf 94' lang='lat'>.</span> <span class='ocrx_word' id='word_1_227' title='bbox 1210 3045 1225 3062; x_wconf 94' lang='lat'>.</span> <span class='ocrx_word' id='word_1_228' title='bbox 1256 3045 1270 3062; x_wconf 93' lang='lat'>.</span> <span class='ocrx_word' id='word_1_229' title='bbox 1322 2999 1422 3062; x_wconf 82' lang='grc' dir='ltr'><strong><em>καὶ</em></strong></span> <span class='ocrx_word' id='word_1_230' title='bbox 1490 3005 1613 3069; x_wconf 82' lang='grc' dir='ltr'><strong><em>τοῖς</em></strong></span> <span class='ocrx_word' id='word_1_231' title='bbox 1681 2999 1978 3074; x_wconf 83' lang='grc' dir='ltr'><strong><em>μέλλουσι</em></strong></span> <span class='ocrx_word' id='word_1_232' title='bbox 2048 3000 2109 3064; x_wconf 76' lang='grc' dir='ltr'>δὲ</span> <span class='ocrx_word' id='word_1_233' title='bbox 2177 3000 2244 3063; x_wconf 83' lang='grc' dir='ltr'>ἐκ</span> <span class='ocrx_word' id='word_1_234' title='bbox 2295 3000 2852 3077; x_wconf 71' lang='grc' dir='ltr'><strong><em>συναλλαγμάτων</em></strong></span> <span class='ocrx_word' id='word_1_235' title='bbox 2901 3010 3087 3066; x_wconf 79' lang='grc' dir='ltr'><strong><em>τινῶν</em></strong></span> 
     </span>
     <span class='ocr_line' id='line_1_26' title="bbox 684 3105 3084 3184; baseline 0.001 -14"><span class='ocrx_word' id='word_1_236' title='bbox 684 3106 1042 3184; x_wconf 70' lang='grc' dir='ltr'><strong><em>λαμβάνειν</em></strong></span> <span class='ocrx_word' id='word_1_237' title='bbox 1085 3105 1187 3168; x_wconf 77' lang='grc' dir='ltr'>καὶ</span> <span class='ocrx_word' id='word_1_238' title='bbox 1231 3106 1414 3180; x_wconf 66' lang='grc' dir='ltr'><strong><em>νομὴν</em></strong></span> <span class='ocrx_word' id='word_1_239' title='bbox 1452 3105 1741 3177; x_wconf 78' lang='grc' dir='ltr'><strong><em>τοιαύτην</em></strong></span> <span class='ocrx_word' id='word_1_240' title='bbox 1784 3105 1817 3180; x_wconf 79' lang='grc' dir='ltr'>ἢ</span> <span class='ocrx_word' id='word_1_241' title='bbox 1855 3107 2216 3170; x_wconf 76' lang='grc' dir='ltr'><strong><em>δεσποτείαν</em></strong></span> <span class='ocrx_word' id='word_1_242' title='bbox 2242 3106 2357 3170; x_wconf 81' lang='grc' dir='ltr'>ὑπὸ</span> <span class='ocrx_word' id='word_1_243' title='bbox 2379 3107 2489 3178; x_wconf 65' lang='grc' dir='ltr'>τὴν</span> <span class='ocrx_word' id='word_1_244' title='bbox 2513 3107 2744 3170; x_wconf 81' lang='grc' dir='ltr'><strong><em>ἑαυτῶν</em></strong></span> <span class='ocrx_word' id='word_1_245' title='bbox 2772 3111 3084 3173; x_wconf 79' lang='grc' dir='ltr'><strong><em>ποιεῖσθαι</em></strong></span> 
     </span>
     <span class='ocr_line' id='line_1_27' title="bbox 686 3210 3086 3294; baseline 0 -17"><span class='ocrx_word' id='word_1_246' title='bbox 686 3214 961 3291; x_wconf 67' lang='grc' dir='ltr'><strong><em>κατοχὴν</em></strong></span> <span class='ocrx_word' id='word_1_247' title='bbox 1028 3212 1385 3287; x_wconf 71' lang='grc' dir='ltr'><strong><em>ἀναγκαίας</em></strong></span> <span class='ocrx_word' id='word_1_248' title='bbox 1455 3211 1569 3282; x_wconf 70' lang='grc' dir='ltr'><strong><em>τὰς</em></strong></span> <span class='ocrx_word' id='word_1_249' title='bbox 1636 3217 1752 3275; x_wconf 81' lang='grc' dir='ltr'>τῶν</span> <span class='ocrx_word' id='word_1_250' title='bbox 1822 3210 2066 3276; x_wconf 82' lang='grc' dir='ltr'><strong><em>ἕκδίκων</em></strong></span> <span class='ocrx_word' id='word_1_251' title='bbox 2117 3260 2130 3276; x_wconf 92' lang='grc'><strong>.</strong></span> <span class='ocrx_word' id='word_1_252' title='bbox 2165 3258 2178 3275; x_wconf 89' lang='grc'><strong>.</strong></span> <span class='ocrx_word' id='word_1_253' title='bbox 2209 3257 2222 3274; x_wconf 92' lang='grc'><strong>.</strong></span> <span class='ocrx_word' id='word_1_254' title='bbox 2252 3259 2269 3275; x_wconf 91' lang='grc'><strong>.</strong></span> <span class='ocrx_word' id='word_1_255' title='bbox 2317 3213 2660 3291; x_wconf 81' lang='grc' dir='ltr'><strong><em>μαρτυρίας</em></strong></span> <span class='ocrx_word' id='word_1_256' title='bbox 2711 3212 3086 3294; x_wconf 82' lang='grc' dir='ltr'><strong><em>νομίζομεν,</em></strong></span> 
     </span>
     <span class='ocr_line' id='line_1_28' title="bbox 684 3315 3087 3407; baseline 0 -24"><span class='ocrx_word' id='word_1_257' title='bbox 684 3315 841 3383; x_wconf 78' lang='grc' dir='ltr'><strong><em>ὥστε</em></strong></span> <span class='ocrx_word' id='word_1_258' title='bbox 907 3315 1364 3393; x_wconf 73' lang='grc' dir='ltr'><strong><em>ὑπομνημάτων</em></strong></span> <span class='ocrx_word' id='word_1_259' title='bbox 1430 3317 1884 3393; x_wconf 82' lang='grc' dir='ltr'><strong><em>συνισταμένων</em></strong></span> <span class='ocrx_word' id='word_1_260' title='bbox 1949 3317 2276 3390; x_wconf 78' lang='grc' dir='ltr'><strong><em>δηλοῦσθαι</em></strong></span> <span class='ocrx_word' id='word_1_261' title='bbox 2319 3318 2447 3407; x_wconf 53' lang='grc' dir='ltr'><strong><em>τὴν</em></strong></span> <span class='ocrx_word' id='word_1_262' title='bbox 2496 3315 2832 3400; x_wconf 76' lang='grc' dir='ltr'><strong><em>παράδοσιν</em></strong></span> <span class='ocrx_word' id='word_1_263' title='bbox 2861 3317 2937 3398; x_wconf 81' lang='lat'>⁶).</span> <span class='ocrx_word' id='word_1_264' title='bbox 2992 3358 3087 3370; x_wconf 89' lang='lat'>—</span> 
     </span>
     <span class='ocr_line' id='line_1_29' title="bbox 682 3422 3091 3519; baseline 0.001 -31"><span class='ocrx_word' id='word_1_265' title='bbox 682 3423 908 3498; x_wconf 88' lang='lat' dir='ltr'>Miror,</span> <span class='ocrx_word' id='word_1_266' title='bbox 959 3444 1071 3487; x_wconf 89' lang='lat' dir='ltr'>cur</span> <span class='ocrx_word' id='word_1_267' title='bbox 1110 3428 1247 3486; x_wconf 87' lang='lat' dir='ltr'>tam</span> <span class='ocrx_word' id='word_1_268' title='bbox 1286 3422 1605 3508; x_wconf 84' lang='lat' dir='ltr'>generalis</span> <span class='ocrx_word' id='word_1_269' title='bbox 1646 3445 1820 3488; x_wconf 87' lang='lat' dir='ltr'>error</span> <span class='ocrx_word' id='word_1_270' title='bbox 1847 3423 1898 3504; x_wconf 85' lang='lat'>⁷)</span> <span class='ocrx_word' id='word_1_271' title='bbox 1939 3426 2054 3499; x_wconf 88' lang='lat' dir='ltr'>sit,</span> <span class='ocrx_word' id='word_1_272' title='bbox 2096 3425 2234 3487; x_wconf 91' lang='lat' dir='ltr'>iure</span> <span class='ocrx_word' id='word_1_273' title='bbox 2273 3422 2625 3519; x_wconf 84' lang='lat' dir='ltr'>Iustiniano</span> <span class='ocrx_word' id='word_1_274' title='bbox 2664 3423 3091 3509; x_wconf 88' lang='lat' dir='ltr'>praediorum</span> 
     </span>
    </p>
   </div>
   <div class='ocr_carea' id='block_1_3' title="bbox 684 3546 1073 3556">
    <p class='ocr_par' dir='ltr' id='par_1_3' title="bbox 684 3546 1073 3556">
     <span class='ocr_line' id='line_1_30' title="bbox 684 3546 1073 3556; baseline 0 1907"><span class='ocrx_word' id='word_1_275' title='bbox 684 3546 1073 3556; x_wconf 95' lang='lat' dir='ltr'> </span> 
     </span>
    </p>
   </div>
   <div class='ocr_carea' id='block_1_4' title="bbox 676 3602 3092 4565">
    <p class='ocr_par' dir='ltr' id='par_1_4' title="bbox 751 3602 2729 3668">
     <span class='ocr_line' id='line_1_31' title="bbox 751 3602 2729 3668; baseline 0 -14"><span class='ocrx_word' id='word_1_276' title='bbox 751 3606 807 3668; x_wconf 91' lang='lat'>1)</span> <span class='ocrx_word' id='word_1_277' title='bbox 843 3604 1054 3661; x_wconf 87' lang='lat' dir='ltr'>Marini,</span> <span class='ocrx_word' id='word_1_278' title='bbox 1091 3603 1264 3666; x_wconf 82' lang='lat' dir='ltr'>Papiri</span> <span class='ocrx_word' id='word_1_279' title='bbox 1298 3602 1591 3666; x_wconf 78' lang='lat' dir='ltr'>diplomatici</span> <span class='ocrx_word' id='word_1_280' title='bbox 1626 3604 1705 3662; x_wconf 85' lang='lat'>82,</span> <span class='ocrx_word' id='word_1_281' title='bbox 1744 3605 1808 3652; x_wconf 82' lang='grc'>83</span> <span class='ocrx_word' id='word_1_282' title='bbox 1845 3603 1925 3667; x_wconf 92' lang='lat'>(=</span> <span class='ocrx_word' id='word_1_283' title='bbox 1952 3603 2302 3668; x_wconf 75' lang='lat' dir='ltr'>Spangenberg,</span> <span class='ocrx_word' id='word_1_284' title='bbox 2343 3603 2451 3653; x_wconf 73' lang='grc' dir='ltr'><strong><em>Ταῦ.</em></strong></span> <span class='ocrx_word' id='word_1_285' title='bbox 2486 3619 2587 3668; x_wconf 74' lang='lat' dir='ltr'>neq.</span> <span class='ocrx_word' id='word_1_286' title='bbox 2623 3603 2729 3668; x_wconf 80' lang='lat'>27).</span> 
     </span>
    </p>

    <p class='ocr_par' dir='ltr' id='par_1_5' title="bbox 749 3683 2106 3749">
     <span class='ocr_line' id='line_1_32' title="bbox 749 3683 2106 3749; baseline -0.001 -15"><span class='ocrx_word' id='word_1_287' title='bbox 749 3688 805 3740; x_wconf 77' lang='grc'>2,)</span> <span class='ocrx_word' id='word_1_288' title='bbox 847 3686 925 3733; x_wconf 81' lang='lat' dir='ltr'>Ed.</span> <span class='ocrx_word' id='word_1_289' title='bbox 961 3685 1213 3744; x_wconf 66' lang='lat' dir='ltr'>Theod.‚c.</span> <span class='ocrx_word' id='word_1_290' title='bbox 1254 3685 1316 3731; x_wconf 80' lang='lat'>53</span> <span class='ocrx_word' id='word_1_291' title='bbox 1352 3686 1426 3745; x_wconf 85' lang='lat' dir='ltr'>&lt;ex</span> <span class='ocrx_word' id='word_1_292' title='bbox 1460 3700 1499 3732; x_wconf 91' lang='lat' dir='ltr'>c.</span> <span class='ocrx_word' id='word_1_293' title='bbox 1538 3685 1567 3732; x_wconf 92' lang='lat'>8</span> <span class='ocrx_word' id='word_1_294' title='bbox 1605 3685 1675 3746; x_wconf 79' lang='lat'>§2</span> <span class='ocrx_word' id='word_1_295' title='bbox 1714 3683 1770 3735; x_wconf 89' lang='lat' dir='ltr'>C.</span> <span class='ocrx_word' id='word_1_296' title='bbox 1805 3685 1894 3733; x_wconf 84' lang='lat' dir='ltr'>Th.</span> <span class='ocrx_word' id='word_1_297' title='bbox 1933 3686 2106 3749; x_wconf 83' lang='lat'>8.12).</span> 
     </span>
    </p>

    <p class='ocr_par' dir='ltr' id='par_1_6' title="bbox 750 3765 2180 3831">
     <span class='ocr_line' id='line_1_33' title="bbox 750 3765 2180 3831; baseline -0.001 -15"><span class='ocrx_word' id='word_1_298' title='bbox 750 3771 800 3827; x_wconf 87' lang='lat'>3)</span> <span class='ocrx_word' id='word_1_299' title='bbox 833 3767 973 3831; x_wconf 85' lang='lat' dir='ltr'>Apud</span> <span class='ocrx_word' id='word_1_300' title='bbox 1010 3767 1276 3813; x_wconf 83' lang='lat' dir='ltr'>Gustavum</span> <span class='ocrx_word' id='word_1_301' title='bbox 1310 3765 1496 3813; x_wconf 75' lang='lat' dir='ltr'>Haenel</span> <span class='ocrx_word' id='word_1_302' title='bbox 1531 3765 1805 3815; x_wconf 82' lang='lat' dir='ltr'>invenietur</span> <span class='ocrx_word' id='word_1_303' title='bbox 1841 3782 1885 3830; x_wconf 87' lang='lat' dir='ltr'>p.</span> <span class='ocrx_word' id='word_1_304' title='bbox 1926 3767 2020 3814; x_wconf 84' lang='lat'>119</span> <span class='ocrx_word' id='word_1_305' title='bbox 2056 3770 2097 3829; x_wconf 82' lang='lat'>(§</span> <span class='ocrx_word' id='word_1_306' title='bbox 2116 3768 2180 3828; x_wconf 85' lang='lat'>3).</span> 
     </span>
    </p>

    <p class='ocr_par' dir='ltr' id='par_1_7' title="bbox 747 3845 2195 3914">
     <span class='ocr_line' id='line_1_34' title="bbox 747 3845 2195 3914; baseline -0.001 -16"><span class='ocrx_word' id='word_1_307' title='bbox 747 3852 802 3907; x_wconf 87' lang='lat'>4)</span> <span class='ocrx_word' id='word_1_308' title='bbox 836 3849 983 3897; x_wconf 85' lang='lat' dir='ltr'>Locos</span> <span class='ocrx_word' id='word_1_309' title='bbox 1017 3846 1212 3914; x_wconf 72' lang='lat' dir='ltr'>collegit</span> <span class='ocrx_word' id='word_1_310' title='bbox 1248 3845 1408 3894; x_wconf 82' lang='lat' dir='ltr'>Ritter</span> <span class='ocrx_word' id='word_1_311' title='bbox 1442 3849 1542 3898; x_wconf 78' lang='lat' dir='ltr'>not.</span> <span class='ocrx_word' id='word_1_312' title='bbox 1577 3863 1603 3896; x_wconf 90' lang='lat' dir='ltr'>c</span> <span class='ocrx_word' id='word_1_313' title='bbox 1634 3849 1692 3896; x_wconf 80' lang='lat' dir='ltr'>ad</span> <span class='ocrx_word' id='word_1_314' title='bbox 1729 3849 1855 3896; x_wconf 81' lang='lat' dir='ltr'>Nov,</span> <span class='ocrx_word' id='word_1_315' title='bbox 1896 3848 2075 3898; x_wconf 86' lang='lat' dir='ltr'>Theod.</span> <span class='ocrx_word' id='word_1_316' title='bbox 2117 3849 2195 3897; x_wconf 81' lang='lat'>51.</span> 
     </span>
    </p>

    <p class='ocr_par' dir='ltr' id='par_1_8' title="bbox 750 3928 1599 3993">
     <span class='ocr_line' id='line_1_35' title="bbox 750 3928 1599 3993; baseline -0.002 -15"><span class='ocrx_word' id='word_1_317' title='bbox 750 3932 799 3990; x_wconf 81' lang='lat'>5)</span> <span class='ocrx_word' id='word_1_318' title='bbox 834 3946 875 3980; x_wconf 87' lang='lat' dir='ltr'>c.</span> <span class='ocrx_word' id='word_1_319' title='bbox 911 3930 972 3978; x_wconf 84' lang='lat'>31</span> <span class='ocrx_word' id='word_1_320' title='bbox 1009 3944 1083 3993; x_wconf 90' lang='lat' dir='ltr'>pr.</span> <span class='ocrx_word' id='word_1_321' title='bbox 1121 3928 1173 3975; x_wconf 88' lang='lat' dir='ltr'>C.</span> <span class='ocrx_word' id='word_1_322' title='bbox 1215 3928 1260 3975; x_wconf 89' lang='lat'>8.</span> <span class='ocrx_word' id='word_1_323' title='bbox 1283 3929 1346 3976; x_wconf 80' lang='lat'>53</span> <span class='ocrx_word' id='word_1_324' title='bbox 1366 3929 1487 3988; x_wconf 81' lang='grc'><strong>(54).</strong></span> <span class='ocrx_word' id='word_1_325' title='bbox 1556 3931 1599 3984; x_wconf 65' lang='lat'><em>0</em></span> 
     </span>
    </p>

    <p class='ocr_par' dir='ltr' id='par_1_9' title="bbox 677 4008 3092 4400">
     <span class='ocr_line' id='line_1_36' title="bbox 750 4008 3088 4076; baseline 0.002 -17"><span class='ocrx_word' id='word_1_326' title='bbox 750 4013 799 4071; x_wconf 87' lang='grc'>6)</span> <span class='ocrx_word' id='word_1_327' title='bbox 836 4011 1038 4059; x_wconf 83' lang='lat' dir='ltr'>Textum</span> <span class='ocrx_word' id='word_1_328' title='bbox 1086 4008 1194 4057; x_wconf 87' lang='lat' dir='ltr'>dedi</span> <span class='ocrx_word' id='word_1_329' title='bbox 1228 4025 1319 4057; x_wconf 84' lang='lat' dir='ltr'>sec.</span> <span class='ocrx_word' id='word_1_330' title='bbox 1354 4009 1639 4058; x_wconf 83' lang='lat' dir='ltr'>Zachariaea</span> <span class='ocrx_word' id='word_1_331' title='bbox 1671 4012 1914 4060; x_wconf 83' lang='lat' dir='ltr'>Anecdota</span> <span class='ocrx_word' id='word_1_332' title='bbox 1947 4009 2129 4074; x_wconf 81' lang='grc'><strong>(1843)</strong></span> <span class='ocrx_word' id='word_1_333' title='bbox 2165 4025 2208 4074; x_wconf 84' lang='lat'>1).</span> <span class='ocrx_word' id='word_1_334' title='bbox 2247 4012 2360 4060; x_wconf 83' lang='lat'>254.</span> <span class='ocrx_word' id='word_1_335' title='bbox 2398 4011 2650 4076; x_wconf 82' lang='lat' dir='ltr'>Epitomen</span> <span class='ocrx_word' id='word_1_336' title='bbox 2686 4012 2878 4062; x_wconf 80' lang='lat' dir='ltr'>exhibet</span> <span class='ocrx_word' id='word_1_337' title='bbox 2916 4014 3088 4076; x_wconf 83' lang='lat' dir='ltr'>idem,</span> 
     </span>
     <span class='ocr_line' id='line_1_37' title="bbox 679 4089 3092 4158; baseline 0.003 -17"><span class='ocrx_word' id='word_1_338' title='bbox 679 4092 793 4142; x_wconf 86' lang='lat' dir='ltr'>ibid.</span> <span class='ocrx_word' id='word_1_339' title='bbox 842 4108 885 4156; x_wconf 90' lang='lat' dir='ltr'>p.</span> <span class='ocrx_word' id='word_1_340' title='bbox 926 4089 1019 4142; x_wconf 78' lang='lat'>267</span> <span class='ocrx_word' id='word_1_341' title='bbox 1067 4107 1134 4139; x_wconf 82' lang='lat' dir='ltr'>vs.</span> <span class='ocrx_word' id='word_1_342' title='bbox 1171 4092 1273 4138; x_wconf 89' lang='grc'><strong>4-8.</strong></span> <span class='ocrx_word' id='word_1_343' title='bbox 1322 4089 1396 4139; x_wconf 75' lang='lat' dir='ltr'>Cf.</span> <span class='ocrx_word' id='word_1_344' title='bbox 1434 4107 1649 4155; x_wconf 82' lang='lat' dir='ltr'>quoque,</span> <span class='ocrx_word' id='word_1_345' title='bbox 1684 4091 1796 4142; x_wconf 86' lang='lat' dir='ltr'>ibid.</span> <span class='ocrx_word' id='word_1_346' title='bbox 1835 4109 1880 4157; x_wconf 88' lang='lat' dir='ltr'>p.</span> <span class='ocrx_word' id='word_1_347' title='bbox 1918 4092 2032 4150; x_wconf 80' lang='lat'>278,</span> <span class='ocrx_word' id='word_1_348' title='bbox 2067 4093 2207 4142; x_wconf 88' lang='lat' dir='ltr'>edict.</span> <span class='ocrx_word' id='word_1_349' title='bbox 2246 4095 2308 4142; x_wconf 85' lang='lat'>33</span> <span class='ocrx_word' id='word_1_350' title='bbox 2346 4110 2448 4158; x_wconf 81' lang='lat' dir='ltr'>cap.</span> <span class='ocrx_word' id='word_1_351' title='bbox 2488 4096 2512 4142; x_wconf 93' lang='lat'>1</span> <span class='ocrx_word' id='word_1_352' title='bbox 2551 4094 2652 4154; x_wconf 85' lang='grc'><strong>(11111</strong></span> <span class='ocrx_word' id='word_1_353' title='bbox 2690 4094 2880 4158; x_wconf 71' lang='lat' dir='ltr'>virgula</span> <span class='ocrx_word' id='word_1_354' title='bbox 2915 4098 3092 4148; x_wconf 83' lang='lat' dir='ltr'>trans-</span> 
     </span>
     <span class='ocr_line' id='line_1_38' title="bbox 677 4170 3090 4240; baseline 0.002 -17"><span class='ocrx_word' id='word_1_355' title='bbox 677 4177 888 4240; x_wconf 77' lang='lat' dir='ltr'>ponatur</span> <span class='ocrx_word' id='word_1_356' title='bbox 923 4177 1030 4238; x_wconf 84' lang='lat' dir='ltr'>post</span> <span class='ocrx_word' id='word_1_357' title='bbox 1067 4173 1201 4220; x_wconf 71' lang='grc' dir='ltr'><strong><em>κατὰ</em></strong></span> <span class='ocrx_word' id='word_1_358' title='bbox 1238 4170 1415 4233; x_wconf 75' lang='grc' dir='ltr'><strong><em>ψῆφον,</em></strong></span> <span class='ocrx_word' id='word_1_359' title='bbox 1451 4176 1502 4220; x_wconf 83' lang='lat' dir='ltr'>ut</span> <span class='ocrx_word' id='word_1_360' title='bbox 1539 4172 1605 4220; x_wconf 91' lang='lat' dir='ltr'>sic</span> <span class='ocrx_word' id='word_1_361' title='bbox 1633 4174 1843 4236; x_wconf 83' lang='lat' dir='ltr'>legatur:</span> <span class='ocrx_word' id='word_1_362' title='bbox 1897 4174 2015 4231; x_wconf 78' lang='grc' dir='ltr'><strong><em>τοὺς</em></strong></span> <span class='ocrx_word' id='word_1_363' title='bbox 2052 4173 2384 4235; x_wconf 82' lang='grc' dir='ltr'><strong><em>βουλομένους</em></strong></span> <span class='ocrx_word' id='word_1_364' title='bbox 2418 4176 2726 4236; x_wconf 76' lang='grc' dir='ltr'><strong><em>παραλαβεῖν</em></strong></span> <span class='ocrx_word' id='word_1_365' title='bbox 2764 4175 2938 4236; x_wconf 74' lang='grc' dir='ltr'><strong><em>νομήν,</em></strong></span> <span class='ocrx_word' id='word_1_366' title='bbox 2967 4177 3090 4228; x_wconf 80' lang='grc' dir='ltr'><strong><em>ε’ίτε</em></strong></span> 
     </span>
     <span class='ocr_line' id='line_1_39' title="bbox 678 4251 3089 4320; baseline 0.004 -18"><span class='ocrx_word' id='word_1_367' title='bbox 678 4254 855 4320; x_wconf 69' lang='grc' dir='ltr'><strong><em>γνώμῃ</em></strong></span> <span class='ocrx_word' id='word_1_368' title='bbox 902 4260 999 4306; x_wconf 80' lang='grc' dir='ltr'>τῶν</span> <span class='ocrx_word' id='word_1_369' title='bbox 1046 4255 1217 4314; x_wconf 82' lang='grc' dir='ltr'><strong><em>κυρίων</em></strong></span> <span class='ocrx_word' id='word_1_370' title='bbox 1253 4255 1349 4310; x_wconf 75' lang='grc' dir='ltr'><strong><em>τῆς</em></strong></span> <span class='ocrx_word' id='word_1_371' title='bbox 1383 4251 1607 4310; x_wconf 72' lang='grc' dir='ltr'><strong><em>κτήσεως</em></strong></span> <span class='ocrx_word' id='word_1_372' title='bbox 1644 4253 1749 4303; x_wconf 80' lang='grc' dir='ltr'><strong><em>ε’ίτε</em></strong></span> <span class='ocrx_word' id='word_1_373' title='bbox 1785 4254 1870 4302; x_wconf 74' lang='grc' dir='ltr'><strong><em>καὶ</em></strong></span> <span class='ocrx_word' id='word_1_374' title='bbox 1903 4253 2216 4316; x_wconf 79' lang='grc' dir='ltr'><strong><em>ἀγνοοῦνπων</em></strong></span> <span class='ocrx_word' id='word_1_375' title='bbox 2253 4255 2281 4313; x_wconf 71' lang='lat'>3)</span> <span class='ocrx_word' id='word_1_376' title='bbox 2319 4256 2406 4304; x_wconf 75' lang='grc' dir='ltr'><strong><em>καὶ</em></strong></span> <span class='ocrx_word' id='word_1_377' title='bbox 2437 4256 2662 4306; x_wconf 83' lang='grc' dir='ltr'><strong><em>α’πόντων</em></strong></span> <span class='ocrx_word' id='word_1_378' title='bbox 2701 4254 2893 4306; x_wconf 76' lang='grc' dir='ltr'><strong><em>ἐκείνων</em></strong></span> <span class='ocrx_word' id='word_1_379' title='bbox 2932 4263 3089 4311; x_wconf 69' lang='grc' dir='ltr'><strong><em>κατὰ</em></strong></span> 
     </span>
     <span class='ocr_line' id='line_1_40' title="bbox 680 4332 2049 4401; baseline -0.001 -17"><span class='ocrx_word' id='word_1_380' title='bbox 680 4337 864 4399; x_wconf 77' lang='grc' dir='ltr'><strong><em>ψηφον,</em></strong></span> <span class='ocrx_word' id='word_1_381' title='bbox 902 4334 1149 4401; x_wconf 75' lang='grc' dir='ltr'><strong><em>παρουσίᾳ</em></strong></span> <span class='ocrx_word' id='word_1_382' title='bbox 1186 4332 1429 4395; x_wconf 78' lang='grc' dir='ltr'><strong><em>δημοσίων</em></strong></span> <span class='ocrx_word' id='word_1_383' title='bbox 1466 4335 1879 4398; x_wconf 80' lang='grc' dir='ltr'><strong><em>παραλαμβάνειν</em></strong></span> <span class='ocrx_word' id='word_1_384' title='bbox 1914 4333 2049 4400; x_wconf 77' lang='grc' dir='ltr'><strong>κτὲ.)</strong></span> 
     </span>
    </p>

    <p class='ocr_par' dir='ltr' id='par_1_10' title="bbox 676 4417 3088 4565">
     <span class='ocr_line' id='line_1_41' title="bbox 745 4417 3088 4488; baseline 0.003 -19"><span class='ocrx_word' id='word_1_385' title='bbox 745 4421 799 4483; x_wconf 81' lang='grc'>7)</span> <span class='ocrx_word' id='word_1_386' title='bbox 834 4419 1029 4482; x_wconf 83' lang='lat' dir='ltr'>Aliquid</span> <span class='ocrx_word' id='word_1_387' title='bbox 1067 4417 1190 4466; x_wconf 83' lang='lat' dir='ltr'>vidit</span> <span class='ocrx_word' id='word_1_388' title='bbox 1230 4417 1468 4476; x_wconf 83' lang='lat' dir='ltr'>Monnier,</span> <span class='ocrx_word' id='word_1_389' title='bbox 1508 4420 1657 4468; x_wconf 78' lang='lat' dir='ltr'>Nouo.</span> <span class='ocrx_word' id='word_1_390' title='bbox 1697 4434 1831 4467; x_wconf 77' lang='lat' dir='ltr'>revue</span> <span class='ocrx_word' id='word_1_391' title='bbox 1865 4417 2034 4466; x_wconf 71' lang='lat' dir='ltr'>histor.</span> <span class='ocrx_word' id='word_1_392' title='bbox 2075 4419 2204 4467; x_wconf 86' lang='lat' dir='ltr'>XVI</span> <span class='ocrx_word' id='word_1_393' title='bbox 2241 4421 2423 4485; x_wconf 86' lang='grc'><strong>(1892)</strong></span> <span class='ocrx_word' id='word_1_394' title='bbox 2458 4437 2504 4487; x_wconf 88' lang='lat' dir='ltr'>p.</span> <span class='ocrx_word' id='word_1_395' title='bbox 2544 4421 2667 4473; x_wconf 76' lang='lat'><strong>160²</strong></span> <span class='ocrx_word' id='word_1_396' title='bbox 2688 4443 2700 4480; x_wconf 91' lang='lat'>;</span> <span class='ocrx_word' id='word_1_397' title='bbox 2737 4421 2862 4470; x_wconf 88' lang='lat' dir='ltr'>nihil</span> <span class='ocrx_word' id='word_1_398' title='bbox 2892 4423 3088 4488; x_wconf 79' lang='lat' dir='ltr'>Stouff,</span> 
     </span>
     <span class='ocr_line' id='line_1_42' title="bbox 676 4491 2091 4565; baseline -0.003 -13"><span class='ocrx_word' id='word_1_399' title='bbox 676 4491 840 4552; x_wconf 71' lang='lat' dir='ltr'>Etudc</span> <span class='ocrx_word' id='word_1_400' title='bbox 872 4518 955 4552; x_wconf 69' lang='lat' dir='ltr'>cur</span> <span class='ocrx_word' id='word_1_401' title='bbox 990 4503 1040 4550; x_wconf 86' lang='lat' dir='ltr'>la</span> <span class='ocrx_word' id='word_1_402' title='bbox 1061 4498 1393 4564; x_wconf 68' lang='lat' dir='ltr'>per-sonnatite&#39;</span> <span class='ocrx_word' id='word_1_403' title='bbox 1421 4499 1503 4550; x_wconf 68' lang='lat' dir='ltr'>dec</span> <span class='ocrx_word' id='word_1_404' title='bbox 1540 4500 1627 4549; x_wconf 72' lang='lat' dir='ltr'>lois</span> <span class='ocrx_word' id='word_1_405' title='bbox 1660 4501 1830 4562; x_wconf 89' lang='grc'><strong>(1894)</strong></span> <span class='ocrx_word' id='word_1_406' title='bbox 1867 4516 1913 4565; x_wconf 86' lang='lat' dir='ltr'>p.</span> <span class='ocrx_word' id='word_1_407' title='bbox 1956 4501 1985 4548; x_wconf 88' lang='grc'><strong>9</strong></span> <span class='ocrx_word' id='word_1_408' title='bbox 2022 4515 2091 4564; x_wconf 84' lang='lat' dir='ltr'>sq.</span> 
     </span>
    </p>
   </div>
  </div>
 </body>
</html>
