3351 5463
634 347 765 412 358
1661 367 1984 412 KEPMATA.

720 489 859 590 LII.
930 524 1090 590 Ibid.
1162 523 1275 592 IH.
1341 524 1403 590 4.
1432 525 1554 590 21:
1628 526 1715 598 εἷς
1783 526 1916 590 τὸν
1990 523 2322 607 Σαρδιανὸν
2396 523 2640 590 τόπον
2710 523 3012 603 ἐνέβαλε,

627 630 1015 696 Plutarchus
1075 630 1316 717 legisse
1375 630 1650 709 videtur,
1717 631 1887 716 quod
1943 634 2287 717 unicuique
2347 633 2415 694 in
2462 636 2747 696 mentem
2794 633 3016 696 venire

630 736 849 800 debet:
901 736 988 807 εἷς
1036 734 1104 799 τὸ
1156 734 1489 811 Σαρδιανὸν
1538 735 1842 800 πεδίον.

722 839 891 904 LIII.
964 840 1126 905 Ibid.
1189 839 1304 904 ΙΠ.
1355 840 1416 904 4.
1445 839 1571 906 23:
1634 841 2028 923 παρήγγειλε
2093 839 2155 904 δὲ
2221 840 2326 904 καὶ
2390 847 2520 912 τοῖς
2568 844 2858 906 ἱππεῦσιν
2907 841 3011 916 ἐμ·

628 944 920 1022 βάλλειν,
984 946 1063 1016 ὦς
1132 946 1319 1010 αὑτοῦ
1388 969 1457 1008 τε
1508 947 1613 1009 καὶ
1661 944 1898 1018 παντὸς
1945 948 2052 1009 τοῦ
2099 945 2529 1025 ςρατεύματος
2575 946 2714 1010 ἓπο
2730 945 3012 1023 μένου,

629 1070 887 1135 prorsus
953 1051 1385 1115 necessarium
1446 1054 1542 1114 est
1610 1051 1679 1115 id
1696 1098 1713 1127 ‚
1776 1053 1846 1115 in
1907 1050 2075 1136 quod
2135 1050 2698 1118 Breitenbachium
2761 1071 3016 1136 quoque

628 1155 925 1220 incidisse
970 1154 1192 1220 video:
1245 1154 1669 1234 ἓψομένου.

720 1258 882 1322 LIV.
931 1258 1305 1324 Ridiculum
1350 1259 1728 1325 mandatum
1776 1265 1872 1326 est
1915 1260 2206 1346 Agesilai
2250 1260 2405 1325 ibid.
2455 1260 2572 1326 ΠΙ.
2611 1259 2674 1324 4.
2703 1260 2824 1326 28:
2869 1267 3015 1331 ταῖς

633 1363 847 1427 πόλεσι
897 1364 1291 1442 παρήγγειλε
1319 1400 1405 1414 -
1432 1364 1686 1445 τριήρεις
1726 1365 2029 1430 ποιεῖσθαι
2071 1364 2304 1436 ὁπόσας
2345 1363 2536 1439 ἑκάς-η
2585 1364 3015 1442 βούλοιτο,

632 1471 833 1532 immo
880 1465 1116 1540 ὁπόσας
1164 1468 1356 1544 ἓκοέςη
1408 1467 1760 1534 δύναιτο.

725 1572 857 1637 LV.
905 1571 1067 1636 Ibid.
1114 1572 1228 1636 III.
1280 1573 1341 1638 5.
1374 1573 1407 1636 1
1458 1573 1878 1652 Γαλαξίδωρος
1919 1574 2180 1658 quidam
2220 1578 2617 1638 memoratur
2654 1573 3017 1651 Thebanus,

638 1679 750 1762 qui
796 1699 876 1742 ne
921 1678 998 1742 ab
1045 1676 1210 1742 lacte
1258 1677 1620 1744 derivatum
1666 1699 1900 1743 nomen
1948 1679 2211 1756 habeat,
2261 1677 2716 1758 verosimiliter
2775 1675 3025 1754 Ἀναξί-

634 1782 810 1858 δωρος
875 1781 1019 1845 fuit.
1082 1781 1378 1847 Recurrit
1441 1804 1675 1848 nomen
1738 1783 1907 1868 apud
1963 1783 2388 1849 Plutarchum
2451 1784 2528 1848 de
2573 1781 2776 1848 Genio
2821 1780 3020 1858 Socn,

636 1887 746 1951 sed
808 1887 899 1950 ibi
960 1907 1211 1971 quoque
1231 1935 1247 1964 ‚
1312 1890 1412 1952 uti
1477 1889 1697 1964 viden,
1767 1887 2020 1953 Keilius
2089 1909 2310 1953 veram
2380 1888 2654 1964 formam
2725 1887 3020 1971 agnovit.

635 1991 759 2056 Res
818 1992 987 2055 'mihi
1042 1991 1390 2056 admodum
1436 1992 1736 2057 notabilis
1784 1993 2058 2070 videtur,
2106 2013 2259 2056 nam
2307 1994 2598 2076 sequitur
2640 1991 3028 2075 Xenophon-

637 2102 771 2161 tem
789 2144 806 2173 ,
870 2097 1076 2161 sicubi
1123 2117 1279 2181 opus
1329 2104 1492 2162 esset
1510 2145 1527 2174 ,
1574 2097 1886 2178 ammisse
1934 2098 2297 2183 digamma,
2347 2095 2514 2181 quod
2559 2116 2727 2160 nunc
2773 2115 3028 2180 quoque
3159 2131 3166 2138 ·

636 2204 737 2265 uti
774 2222 955 2286 saepe
995 2201 1151 2266 alias
1190 2203 1259 2264 in
1300 2222 1564 2286 gamma
1602 2202 1781 2265 abiit.
1831 2201 2072 2286 Operae
2112 2204 2394 2287 pretium
2427 2205 2522 2264 est
2547 2220 2620 2264 ea
2643 2198 3024 2264 contendere

639 2327 799 2391 quae
838 2305 1253 2370 Leeuwenius
1295 2305 1580 2389 disputat
1618 2309 1688 2370 in
1731 2305 2103 2370 Euchiridio
2151 2306 2446 2370 dictionis
2493 2307 2705 2390 epicae
2750 2326 2812 2389 p.
2867 2301 3024 2366 151.

639 2410 737 2474 In·
761 2411 1172 2494 inscriptione
1209 2430 1368 2493 quae
1409 2412 1738 2474 invenitur
1775 2411 1844 2474 in
1884 2407 2071 2493 Corp.
2107 2409 2300 2474 Inscr.
2347 2410 2485 2472 Att.
2527 2407 2666 2473 Vol.
2705 2407 2754 2471 1.
2795 2428 2858 2490 p.
2887 2405 3020 2470 441

639 2513 914 2598 lapicida
953 2515 1209 2578 Atticus
1246 2516 1316 2577 in
1338 2516 1661 2599 peregrini
1683 2516 1811 2578 viri
1833 2516 2090 2578 nomine
2112 2514 2341 2578 itidem
2367 2514 2697 2599 digamma
2717 2513 3024 2577 servavit.

736 2617 897 2682 LVI.
970 2619 1129 2683 Ibid.
1176 2618 1288 2682 IH.
1340 2617 1401 2682 5.
1433 2618 1549 2683 15:
1615 2620 1648 2691 ἦ
1711 2619 2213 2696 Λακεδαιμονίων
2259 2614 2586 2691 πλεονεξία
2635 2617 2793 2681 πολὺ
2843 2619 3027 2680 εὐκα-

639 2724 1044 2801 ταλυτωτέρα
1108 2722 1195 2790 ee}
1259 2730 1369 2797 τῆς
1439 2723 1738 2803 ὑμετέρας
1799 2723 2252 2802 γενομένης
2318 2727 2540 2804 ἀρχῆς.
2605 2721 2731 2787 Η16
2777 2720 3024 2807 aliquid

638 2829 943 2894 excidisse
1006 2827 1220 2912 palam
1281 2833 1411 2906 est,
1472 2828 1581 2894 sed
1641 2829 1812 2913 quod
1871 2828 2338 2893 Herwerdenus
2397 2827 2844 2913 interpolavit:
2907 2834 3022 2897 τῆς

638 2932 940 3011 ὑμετέρας
1006 2932 1552 3014 εὑμενεςέρας
1620 2935 1952 3010 γενομένης
2015 2936 2215 3013 ἀρχῆς
2235 2981 2253 3011 ,
2318 2934 2482 2999 1111111
2541 2954 2672 2997 11011
2730 2931 3021 2996 multum

641 3036 897 3102 arridet.
951 3035 1252 3123 Cogitavi
1297 3038 1592 3122 equidem
1640 3038 1751 3103 de:
1801 3046 1910 3111 τῆς
1960 3038 2256 3118 ὑμετέρας
2306 3037 2636 3114 ἐννόμου
2684 3034 3019 3111 γενομένης

639 3144 841 3221 ἀρχῆς
905 3148 1094 3226 atque
1154 3144 1245 3206 sic
1308 3141 1631 3221 leyitimum
1674 3142 2170 3207 Atheniensium
2217 3144 2567 3227 imperium
2610 3146 2779 3204 recte
2829 3160 3025 3224 oppo-

639 3250 841 3312 situm
888 3249 1010 3310 erit
1049 3256 1123 3326 τῇ
1165 3253 1284 3311 τῶν
1317 3248 1822 3323 Λακεδαιμονίων
1861 3246 2206 3329 πλεονεξία.
2256 3248 2388 3313 Nec
2424 3238 2584 3311 latet
2623 3266 2737 3309 cur
2772 3244 3020 3319 ἐννόμου

642 3357 787 3416 ante
833 3351 1161 3427 γενομένης
1211 3353 1494 3437 potuerit
1538 3351 1864 3417 excidisse.

731 3455 927 3520 LVII.
996 3455 1156 3520 Ibid.
1221 3454 1327 3519 IV.
1396 3457 1454 3520 1.
1485 3456 1566 3519 16
1631 3456 2076 3521 describuntur
2136 3456 2307 3520 horti
2366 3456 2791 3521 Pharnabazi:
2839 3449 2906 3527 ἦν
2955 3451 3021 3516 δὲ

644 3562 749 3624 καὶ
835 3562 919 3625 τὰ
989 3560 1192 3643 πτηνὰ
1266 3560 1509 3639 ἄφθονα
1577 3568 1702 3632 τοῖς
1775 3561 2101 3640 ὅρνιθεῦσαι
2187 3559 2691 3637 δυναμένοις.
2788 3558 3019 3622 Risum

641 3669 860 3730 movet
922 3665 1041 3729 hoc
1102 3666 1514 3749 participium
1580 3669 1670 3737 et,
1708 3670 1853 3729 ante
1913 3666 2101 3751 pedes
2165 3668 2449 3749 positum
2512 3668 2610 3728 est
2670 3662 2706 3725 δ
2723 3685 2742 3725 ι
2761 3684 2895 3724 ανο
2913 3684 2940 3724 ο
2960 3683 3022 3723 υ-

623 3770 939 3845 μένοις.

735 3873 961 3940 LVIII.
1023 3873 1183 3938 Ibid.
1231 3874 1338 3939 IV.
1393 3875 1450 3939 1.
1480 3874 1596 3939 32:
1647 3875 1898 3939 διπλοῦν
1937 3871 2134 3953 ὥσπερ
2183 3871 2802 3952 Τισσαφέρνους
2851 3869 3022 3934 οὐδὲν

642 3978 889 4045 πώποτέ
937 4002 1053 4055 μου
1102 3979 1241 4043 οὔτε
1289 3979 1656 4052 ποιήσαντος
1697 3979 1834 4044 οὔτε
1873 3979 2169 4049 εἰπόντος.
2218 3977 2483 4043 Η1661116
2520 3978 2860 4062 genetivus
2902 3994 3022 4059 pro

640 4086 1037 4150 nominativo
1085 4088 1252 4149 recte
1298 4104 1363 4149 se
1408 4082 1642 4149 habet?

730 4189 900 4253 LIX.
972 4189 1360 4254 Pharnabazi
1409 4188 1580 4253 filius
1625 4188 1772 4254 vult
1817 4188 2197 4271 Agesilaum
2241 4208 2461 4273 regem
2506 4184 2671 4261 ξένον
2717 4184 3020 4249 ποιεῖσθαι

644 4297 826 4379 eique
867 4294 1045 4359 offert
1081 4294 1370 4379 pulcram
1407 4314 1603 4379 quam
1641 4295 1936 4380 gestabat
1961 4294 2302 4370 frameam3
2346 4292 2501 4376 quid
2525 4290 2750 4355 deinde
2773 4289 3022 4354 factum

646 4402 765 4475 sit,
828 4401 920 4463 ita
979 4403 1228 4464 enarrat
1289 4395 1560 4463 Grotus:
1628 4397 1806 4477 „The
1869 4398 2031 4483 king
2089 4395 2535 4482 immediately
2580 4395 2734 4460 took
2782 4392 2871 4458 off
2909 4393 3026 4458 the
3105 4488 3116 4495 ·
