3351 5463
1217 358 1605 418 meorumue.
2166 425 2179 433 ,
2560 348 2645 420 33

276 531 584 619 genuinae
645 533 1030 618 scripturae,
1095 539 1172 598 ut
1219 539 1403 619 poeta
1452 535 1695 600 dederit
1739 556 1801 599 v.
1852 556 1905 599 e.
1960 560 1993 598 τ
2018 561 2048 608 n
2072 549 2109 598 λ
2131 533 2433 599 εδαπόν
2481 538 2650 600 αποι-

278 639 426 720 κίοιν,
491 637 770 725 Blaydes
834 659 1083 722 quoque
1145 639 1450 704 adnotans
1514 640 1803 718 »μακρὰν
1872 642 2019 704 vitii
2076 641 2487 724 suspectum’'
2537 664 2649 727 pro

276 745 378 817 τὴν
424 749 631 808 tentat
676 744 837 807 τινα.

359 946 573 1009 Prom.
629 942 780 1010 788.
846 943 922 1008 In
982 945 1510 1008 Emendationibus
1555 947 1897 1030 Aeschyleis
1944 944 2523 1028 (Commentatione
2572 971 2651 1014 ex

257 1035 734 1136 'supplementis
773 1049 1102 1114 annalium
1140 1049 1679 1136 philologieorum
1716 1073 2001 1118 seorsum
2040 1075 2348 1140 expressa.
2395 1055 2648 1139 Lipsiae

275 1158 336 1218 in
397 1155 532 1218 aed.
599 1155 672 1218 B.
725 1152 804 1220 G.
854 1154 1172 1220 Teubneri
1232 1176 1288 1219 a.
1341 1153 1548 1233 187&
1617 1179 1811 1242 quam
1873 1158 2095 1224 deinde
2158 1158 2391 1226 litteris
2438 1161 2511 1224 Ε.
2563 1158 2647 1226 Α.

274 1260 662 1350 eigiificabo)
710 1281 858 1347 pag.
915 1260 1041 1325 163
1100 1263 1585 1345 transponebam
1643 1265 1965 1328 πολύδονον
2010 1267 2285 1345 φράσω
2334 1268 2649 1340 πλάνην

273 1388 382 1451 pro
429 1368 673 1440 πλάνην
722 1367 965 1445 Φράσω.
2432 1379 2443 1390 ·

358 1567 572 1632 Prom.
616 1566 747 1632 886
795 1567 1040 1634 Mnem.
1082 1568 1156 1645 V,
1188 1567 1315 1632 189
1341 1589 1432 1653 sq.
1469 1570 1801 1666 tentabam
1842 1595 1887 1632 π
1902 1596 1933 1650 ρ
1952 1595 1977 1634 ο
1995 1596 2031 1634 ο·
2050 1596 2087 1635 κ
2103 1598 2131 1650 ρ
2152 1595 2178 1636 ο
2199 1573 2231 1636 ύ
2252 1597 2301 1648 ,α
2321 1597 2363 1636 α
2384 1597 2420 1635 ο·
2440 1598 2456 1637 ι
2477 1598 2505 1636 ν
2545 1573 2652 1639 vel

276 1697 409 1752 προ
428 1697 518 1737 ox
537 1687 578 1737 λ
600 1673 632 1738 ύ
651 1698 753 1750 σμ
773 1697 813 1739 α
836 1698 906 1774 τι
929 1699 956 1736 ν
1007 1695 1120 1759 pro
1169 1674 1402 1740 tradito
1450 1678 1593 1756 πρὸς
1644 1678 1933 1753 κύμασιν.

361 1891 640 1976 Septem.
687 1890 812 1954 141
841 1912 931 1975 sq.
983 1891 1148 1976 Loco
1195 1889 1453 1956 laudato
1494 1891 1785 1956 delebam
1824 1895 2017 1958 verba
2054 1895 2437 1979 interpolata
2485 1898 2650 1962 σέθεν

278 1997 342 2073 ἐξ
387 1995 660 2074 αἵματος
705 1998 1083 2074 γεγόναμεν.

361 2215 642 2301 Septem.
698 2215 826 2280 198
874 2220 1086 2296 ψῆφος
1134 2218 1272 2279 κατ’
1321 2217 1520 2281 αὐτῶν
1565 2217 1803 2298 ὀλεθρία
1849 2219 2437 2295 βουλεύσεται.

277 2321 370 2386 Bl.
434 2343 586 2408 pag.
639 2321 720 2386 61
794 2322 991 2407 ‚,Leg.
1055 2321 1464 2385 διοίσεται
1528 2322 1636 2388 vel
1701 2326 2127 2402 προκείσεται,
2206 2328 2651 2406 κρανθήσεται,

279 2427 624 2520 δοθήσεται,
675 2424 1100 2491 κατοίσεται”.
1148 2427 1406 2492 Harum
1450 2427 1803 2493 lectionum
1847 2433 1983 2514 ipse
2022 2433 2299 2515 primam
2332 2452 2654 2497 suaseram

276 2531 347 2595 Ε.
376 2532 450 2596 A.
501 2553 649 2616 pag.
704 2531 854 2608 124,
906 2533 1019 2595 ubi
1081 2532 1324 2596 contuli
1386 2532 1809 2618 Hesyehium'
1853 2533 2295 2599 διοίσεται·
2363 2536 2655 2618 διακριθή-

279 2661 486 2714 σεται,
537 2637 692 2700 Eur.
742 2635 846 2703 Or.
899 2636 1006 2701 49.
1061 2635 1256 2700 1652.
1307 2635 1388 2700 al.

366 2838 649 2924 Septem.
701 2835 852 2903 376.
919 2840 1045 2903 Pro
1111 2839 1364 2920 εἴληχεν
1427 2840 1626 2904 πάλον
1690 2842 2088 2925 requirebam
2146 2842 2220 2905 E.
2262 2840 2345 2906 A.
2408 2865 2470 2927 p.
2524 2844 2652 2908 124

281 2953 389 3010 aut
438 2945 690 3025 εἴληχεν
739 2944 967 3026 πάλῳ
1015 2946 1118 3025 (ef.
1171 2944 1276 3010 55.
1329 2947 1521 3011 Eum.
1575 2946 1683 3011 32.
1734 2947 1906 3012 Pete.
1962 2945 2116 3029 187)
2164 2956 2276 3013 aut
2311 2947 2655 3014 ’ἔσπακεν

284 3050 499 3130 πάλον,
550 3050 698 3117 coll.
747 3053 980 3136 Agam.
1035 3050 1186 3116 333.

369 3268 648 3353 Septem.
694 3266 822 3333 561
875 3262 910 3341 ἦ
957 3277 1171 3333 τοῖον
1219 3267 1392 3349 ἔργον
1441 3270 1543 3334 καὶ
1594 3273 1775 3335 θεοῖσι
1826 3273 2163 3350 προσφιλὲς

873 3372 1062 3437 καλόν
1109 3376 1168 3437 τ’
1219 3379 1478 3439 ἀκοῦσαι
1530 3376 1630 3438 καὶ
1682 3376 1891 3452 λέγειν
1937 3374 2322 3453 μεθυστέροις

873 3478 1052 3544 πόλιν
1100 3480 1390 3563 πατρῴαν
1441 3480 1544 3545 καὶ
1597 3480 1765 3551 θεοὺς
1816 3480 1957 3552 τοὺς
2007 3482 2285 3558 ἐγγενεῖς

875 3586 1127 3665 πορθεῖν,
1177 3602 1317 3652 κτλ.

290 3689 450 3768 Quin
512 3698 669 3753 τοῖον
733 3694 1108 3774 corruptum
1169 3694 1256 3755 eit
1315 3714 1441 3756 non
1501 3691 1743 3756 dubito.
1808 3690 2083 3776 Blaydes
2148 3692 2297 3754 θεῖον
2359 3693 2659 3769 coniecit,

291 3796 452 3879 quod
497 3798 566 3858 ni
611 3794 797 3859 fallor
841 3798 1056 3880 potius
1094 3790 1249 3859 ὅσιον
1291 3797 1415 3862 diei
1452 3797 1756 3874 debebat,
1807 3817 1871 3860 v.
1899 3817 1950 3860 e.
2001 3790 2214 3858 δ’σιον
2263 3796 2421 3859 τόδ’
2470 3794 2661 3875 ἔργον,

291 3900 395 3965 sed
441 3900 674 3965 malim
721 3896 756 3972 ἦ
804 3901 1094 3976 σεμνὸν
1145 3900 1334 3981 ἔργον,
1384 3902 1528 3967 coll.
1580 3900 1808 3987 Suppl.
1864 3896 2059 3964 1037.

381 4117 660 4203 Septem.
705 4116 831 4185 721
885 4121 1250 4196 παναλαθῆ,
1288 4118 1687 4195 κακόμαντιν.
1731 4120 2006 4205 Blaydes
2052 4117 2420 4205 „virgulam
2459 4119 2661 4184 dele’'.

294 4220 553 4287 Dudum
600 4228 824 4289 monui
868 4224 943 4286 Ε.
972 4225 1048 4286 A.
1100 4246 1161 4307 p.
1214 4222 1362 4301 125,
1409 4225 1523 4288 ubi
1570 4224 1769 4289 simul
1812 4245 2231 4290 numerorum
2270 4244 2459 4288 eausa
2496 4246 2667 4308 prae-

293 4328 414 4392 tuli
475 4329 752 4395 formam
817 4350 1225 4395 communem
1273 4330 1553 4395 εὐκταῖον
1601 4334 1828 4409 Ἐρινῦν
1875 4351 1990 4415 pro
2037 4328 2307 4415 vulgata
2352 4332 2666 4412 scriptura

299 4434 612 4498 εὐκταίαν.

2316 4574 2325 4581 ·
2345 4553 2375 4599 8
