3351 5463
676 310 805 375 136
1664 322 2054 373 meamus.

676 494 990 577 spectanti
1038 492 1193 556 dum
1242 490 1477 556 defluat
1522 492 1748 555 amnis.
1802 489 2094 555 Adiicere
2141 488 2308 556 mihi
2353 487 2548 553 liceat
2595 486 3058 554 verisimilibus

673 601 1069 683 acquiescere
1127 595 1327 662 solere
1389 598 1587 661 etiam
1649 582 1758 661 eos
1773 644 1790 673 ,
1859 597 1972 680 qui
2020 594 2327 661 editiones
2373 596 2444 659 in
2491 614 2689 658 usum
2735 593 3052 659 studiosae

669 705 1032 769 iuventutis
1080 722 1299 787 parare
1346 700 1469 765 sibi
1513 705 1896 786 proponunt.
1946 701 2168 785 Neque
2209 700 2587 766 crediderim
2603 748 2622 777 ,
2663 700 3053 764 coniecturas

673 830 849 874 meas
904 809 1267 873 audaciores
1316 828 1449 871 esse
1498 810 1562 871 et
1606 806 2021 872 violentiores
2047 810 2134 871 ‘et
2179 805 2462 871 aliorum
2509 805 2952 871 conaminibus
2993 810 3056 868 et

604 964 611 969 .
672 917 755 979 iis
774 964 788 992 ‚
853 934 1013 1000 quae
1076 910 1406 978 Wecklein
1464 915 1533 975 in
1594 914 1949 977 novissima
1996 909 2293 977 Oresteae
2339 910 2614 976 editione
2661 910 3055 997 excogitavit

673 1026 739 1085 et
782 1022 851 1083 in
898 1023 1151 1084 textum
1197 1020 1457 1102 recepit.

767 1234 995 1319 Agam.
1052 1229 1203 1296 182.
1252 1227 1411 1310 (192
1461 1228 1665 1309 Wkl.)

1306 1335 1603 1413 δαιμόνων
1654 1335 1715 1399 δὲ
1766 1340 1881 1399 ποῦ
1929 1336 2118 1417 χάρις
2165 1335 2388 1412 βιαίως

1305 1442 1517 1516 σέλμα
1564 1441 1782 1518 σεμνὸν
1809 1431 2095 1520 'buencum

671 1548 849 1614 Haec
866 1586 879 1606 ι
909 1553 985 1611 ut
1045 1546 1485 1632 intelligamus
1505 1596 1521 1625 ,
1586 1568 1837 1613 necesse
1885 1552 1982 1611 est
2021 1552 2098 1611 ut
2143 1548 2416 1612 verbum
2463 1545 2590 1611 ἔστι
2643 1546 3055 1631 suppleamus

673 1660 737 1720 et
804 1652 1373 1739 interrogationem
1444 1674 1557 1737 pro
1626 1656 1966 1739 negatione
2037 1658 2202 1717 stare
2274 1674 2604 1737 ponamus.
2692 1652 3052 1727 Sententia,

672 1780 867 1844 quam
930 1761 1021 1823 sic
1081 1779 1159 1823 ex
1221 1758 1394 1822 hisce
1457 1759 1671 1823 verbis
1727 1758 2024 1823 elicimus
2045 1806 2061 1834 ,
2111 1758 2266 1823 haec
2312 1764 2443 1823 est:
2496 1758 2879 1842 „Nusquam
2915 1756 3056 1821 ulla

673 1870 769 1929 est
811 1866 1053 1949 gratia,
1106 1862 1293 1942 χάρις
1312 1912 1327 1940 ,
1376 1862 1717 1928 clementia
1762 1864 2062 1940 deorum;
2116 1866 2329 1948 superi
2376 1862 2689 1928 violenter
2735 1862 3056 1928 mundum

671 1970 973 2055 regunt.''
1021 1969 1205 2034 Hanc
1251 1976 1468 2033 autem
1514 1972 2109 2054 interpretationem
2155 1990 2281 2033 non
2328 1990 2461 2034 esse
2508 1989 2732 2036 veram
2753 2018 2769 2046 ,
2823 1971 3059 2055 perspi-

672 2080 913 2153 cimus,
956 2078 1011 2139 si
1058 2096 1129 2139 ea
1178 2096 1337 2160 quae
1381 2075 1768 2160 praecedunt
1811 2078 1933 2139 rite
1980 2076 2425 2160 ponderamus.
2479 2077 2620 2154 „Ab
2667 2075 2822 2142 Iove
2872 2098 3055 2141 omne

668 2182 991 2247 auxilium
1051 2181 1397 2266 petendum
1445 2188 1541 2245 est
1582 2179 1802 2261 (163),
1853 2184 1963 2264 qui
2008 2181 2231 2246 Iovem
2279 2203 2611 2246 summum
2662 2184 2895 2248 mundi
2940 2204 3052 2269 gu·
3112 2267 3117 2274 Ι

671 2289 1075 2353 bernatorem
1122 2288 1447 2371 agnoscit,
1495 2287 1809 2370 sapientia
1855 2286 2094 2350 fruitur
2139 2284 2326 2367 (1¹75)
2345 2307 2362 2363 3
2412 2290 2524 2372 qui
2568 2308 2716 2353 vero
2762 2288 2886 2353 hoc
2931 2310 3054 2353 non

673 2396 841 2478 sapit
860 2442 874 2470 ,
924 2392 1148 2469 malis,
1197 2392 1565 2457 calamitate
1584 2440 1600 2469 ,
1652 2390 1863 2456 dolore
1911 2392 2208 2457 edocetur
2249 2392 2403 2477 quid
2442 2391 2682 2457 bonum
2721 2395 2809 2457 sit
2851 2394 3054 2472 (πάθει

673 2499 903 2575 μάθος,
960 2493 1087 2561 1¹76
1115 2502 1277 2582 sqq.)
1295 2517 1311 2574 ;
1380 2496 1471 2561 dii
1518 2498 1750 2561 animis
1799 2499 2018 2582 pravis
2066 2497 2172 2562 vel
2219 2497 2557 2561 obstinatis
2603 2500 2672 2561 vi
2719 2503 2786 2561 et
2835 2499 3059 2563 severi-

620 2644 635 2656 ·
671 2610 801 2668 tate
863 2605 1209 2678 virtutem,
1273 2602 1341 2666 τὸ
1405 2609 1750 2682 σωφρονεῖν,
1815 2603 2137 2677 inculcant
2187 2602 2394 2691 (182).
2452 2602 2646 2667 Hisce
2693 2608 2868 2667 certe
2915 2602 3056 2666 addi

670 2730 796 2774 non
834 2711 1044 2792 potest
1084 2706 1374 2784 „nullam
1416 2728 1550 2772 esse
1592 2707 1776 2786 χάριν
1818 2708 2087 2781 deorum
2125 2710 2527 2775 severissime
2571 2704 3050 2794 regnantium.’'

761 2813 955 2877 Hisce
1002 2817 1168 2876 recte
1214 2816 1537 2898 perpensis
1584 2818 2026 2897 expectamus:
2921 2898 2928 2904 ⁴

766 2918 1074 2995 „deorum
1116 2920 1463 3002 imperium
1509 2924 1605 2982 est
1652 2919 1914 3002 quidem
1959 2922 2206 3005 gratiae
2251 2925 2316 2984 et
2356 2919 2726 2984 clementiae
2765 2919 3050 3004 plenum,

672 3031 767 3089 est
806 3044 1028 3088 revera
1069 3023 1295 3103 χάρις,
1338 3024 1447 3088 sed
1493 3025 1607 3088 ubi
1656 3045 1814 3109 opus
1861 3031 1996 3103 est,
2046 3028 2387 3090 severitate
2437 3028 2646 3090 utitur
2690 3047 2761 3090 ac
2809 3027 3055 3091 fortiter

670 3129 965 3216 regnat.''
1030 3127 1206 3192 Haec
1268 3131 1616 3206 sententia,
1686 3150 1847 3213 quae
1897 3151 2152 3194 summa
2199 3135 2295 3194 est
2343 3151 2566 3195 eorum
2616 3151 2776 3214 quae
2825 3131 3053 3196 chorus

670 3237 972 3322 exposuit
988 3281 1005 3312 ,
1056 3237 1362 3320 graviter,
1404 3237 1622 3319 paucis
1661 3235 1876 3300 verbis
1913 3237 2120 3319 iisque
2163 3234 2486 3319 asyndetis
2529 3236 2922 3300 enuntianda
2961 3241 3054 3300 est

670 3362 875 3425 neque
930 3361 1079 3405 cum
1132 3339 1215 3402 iis
1279 3361 1439 3424 quae
1484 3340 1872 3424 praecedunt
1909 3339 2243 3424 particulis
2285 3340 2346 3404 δὲ
2388 3339 2491 3404 vel
2531 3339 2672 3404 aliis
2709 3341 3050 3428 iungenda.

670 3449 915 3512 Revera
976 3445 1285 3511 vocabula
1348 3446 1409 3509 δὲ
1472 3451 1619 3522 ποῦ,
1689 3445 1797 3511 vel
1860 3446 1922 3509 δέ
1985 3469 2133 3523 που,
2198 3446 2388 3520 δήπου
2450 3452 2527 3510 ut
2573 3446 2686 3510 alii
2731 3448 3050 3522 scribunt,

673 3551 1095 3636 expungenda
1165 3557 1315 3615 sunt
1333 3598 1349 3627 ,
1424 3557 1639 3615 contra
1711 3573 1942 3617 nervus
2009 3555 2359 3617 sent-entiae
2379 3600 2394 3629 ,
2444 3554 2731 3624 verbum,
2759 3551 3015 3617 finitum
3034 3599 3050 3628 ,

672 3657 840 3742 quod
879 3677 1067 3742 aegre
1114 3656 1527 3733 desideratur,
1576 3657 1986 3722 inserendum
2034 3663 2148 3721 est.
2198 3651 2620 3722 scribendum
2666 3663 2862 3743 puto:

1350 3760 1646 3837 δαιμόνων
1697 3770 1916 3841 κρατεῖ
1952 3765 2140 3842 χάρις
2188 3761 2412 3838 βιαίως

1329 3865 1561 3941 σέλμα
1613 3867 1830 3944 σέμνον
1881 3866 2131 3944 ἡμένων.

671 3972 768 4036 De
830 3973 1077 4056 origine
1137 3970 1527 4054 corruptelae
1590 3974 1703 4036 vix
1759 3993 1918 4056 opus
1966 3978 2061 4036 est
2106 3977 2181 4036 ut
2227 3972 2468 4037 dicam:
2518 3974 2793 4038 verbum
2842 3979 3056 4052 κρατεῖ

674 4097 882 4142 errore
942 4079 1011 4139 in
1074 4074 1400 4140 scribendo
1466 4078 1691 4161 periit,
1765 4098 1957 4161 quem
2021 4098 2296 4142 errorem
2360 4082 2692 4156 corrector,
2754 4078 3050 4144 lacunam

674 4202 1019 4269 agnoscens
1040 4229 1053 4256 ,
1093 4183 1439 4246 insertione
1478 4181 1856 4247 vocularum
1899 4191 2008 4246 ΔΕ
2051 4192 2246 4264 ΠΟΤ,
2290 4186 2522 4248 misere
2560 4181 3012 4273 languentium
3030 4230 3046 4260 ‚

675 4287 782 4354 sed
829 4289 1023 4352 metri
1069 4306 1257 4352 causa
1304 4287 1669 4354 additarum
1689 4335 1704 4364 ,
1755 4286 1982 4355 tollere
2028 4294 2287 4352 conatus
2335 4294 2452 4353 est.
