3351 5463
936 371 1147 422 connx
1194 373 1427 421 Arum
1469 371 1958 421 nominamus.
2505 358 2636 424 215

281 537 501 600 decoras
552 559 739 617 ,qeuas
801 537 1165 602 seuieutibue
1213 539 1515 621 palmulis
1556 540 1926 605 verberabat.
1980 540 2055 602 N
2049 563 2112 604 ec
2159 548 2281 606 tum
2329 565 2458 605 cum
2501 565 2643 628 qua-

279 665 431 727 quam
473 649 879 707 matronarum
922 643 1227 724 uirqiuum
1273 652 1498 707 secreta
1539 645 1969 726 participabat.

352 745 421 811 In
458 746 731 827 lectione
772 750 1015 812 decoras
1044 771 1231 828 ,aenas
1270 749 1542 812 contudit
1581 750 1642 815 N
1644 749 1900 833 eapolit.
1929 748 2306 817 CCCLXIII
2330 756 2644 818 consentit

274 853 387 916 fore
434 873 587 916 cum
633 860 979 918 correctore
1024 854 1374 940 marginali
1412 854 1645 919 codicis
1683 855 1974 920 Vossiani
1993 903 2008 931 ,
2051 859 2176 926 nisi
2218 858 2386 941 quod
2425 859 2646 922 scribit

274 957 367 1021 ille
428 958 763 1022 contundit.
826 959 1163 1024 Praeterea
1208 959 1551 1025 lectionem
1596 959 1908 1024 librorum
1958 963 2070 1046 qui
2114 960 2372 1026 lacunas
2421 964 2640 1028 eadem

275 1062 388 1126 fere
448 1065 697 1128 ratione
761 1063 1064 1149 supplent
1119 1071 1310 1150 atque
1356 1063 1477 1143 effi:
1526 1065 1896 1150 discissaque
1919 1101 2004 1116 —-
2030 1068 2378 1131 uerberabat
2409 1067 2457 1148 ¹)
2506 1090 2645 1134 con-

272 1170 473 1254 iungit
512 1189 664 1232 cum
706 1169 1149 1255 supplemento
1187 1170 1451 1237 illorum
1489 1173 1601 1255 qui
1636 1171 1752 1235 illa
1790 1172 2224 1237 additamento
2261 1173 2638 1260 neglegunt,

274 1274 622 1338 scribendo:
686 1277 845 1360 quod
903 1275 1157 1340 audieus
1228 1277 1489 1340 Charite.
1562 1276 1807 1342 Deinde
1854 1278 1956 1341 his
2004 1278 2212 1343 denuo
2261 1279 2470 1344 addit:
2520 1281 2638 1343 illa

273 1379 497 1442 decoras
536 1418 623 1428 —-
661 1382 1045 1460 verberabat,
1113 1403 1272 1466 quae
1337 1385 1529 1456 etiam
1595 1382 1939 1448 Vossianus
1999 1389 2144 1468 post
2198 1385 2452 1448 audiens
2471 1435 2487 1464 ,
2537 1386 2645 1451 sed

270 1483 391 1549 loco
453 1489 730 1571 aptiore,
796 1489 1038 1552 scribit.
1110 1487 1400 1573 Denique
1447 1509 1597 1553 cum
1642 1488 1866 1554 eodem
1911 1488 2075 1554 libro
2122 1489 2314 1554 habet
2361 1512 2645 1558 commu-

270 1611 404 1654 nem
449 1594 837 1677 scripturam
882 1590 1066 1657 illam
1114 1593 1543 1679 singularem:
1592 1616 1886 1678 quaquam
1910 1632 1995 1643 --
2008 1595 2443 1677 partimspabat.

346 1811 487 1876 Duo
552 1813 777 1876 codices
838 1813 1045 1876 Veneti
1071 1811 1122 1892 ⁹)
1184 1815 1250 1876 in
1313 1815 1522 1898 priore
1583 1813 1724 1878 loco
1773 1834 2032 1898 prorsus
2083 1817 2398 1879 omittunt
2449 1814 2643 1880 uerba

268 1915 553 1982 lacunosa
570 1966 587 1994 ‚
638 1925 715 1981 ut
762 1918 1077 1982 scribant:
1127 1925 1194 1980 at
1232 1918 1351 1980 illa
1388 1926 1712 2004 pareutum
1758 1941 1997 1982 suorum
2044 1919 2320 2003 alioquin
2370 1941 2645 1982 reu-erens

269 2020 456 2085 inuita
519 2024 754 2107 quidem
817 2045 1023 2086 uerum
1082 2022 1429 2103 reliqiossae
1498 2022 1838 2087 necescitati
1904 2025 2209 2087 succubuit
2276 2025 2452 2087 uultu
2523 2048 2642 2088 nou

270 2126 457 2191 hilaro
504 2127 605 2211 (E.
655 2127 802 2192 138.
830 2127 966 2209 23).
1040 2115 1381 2192 Thrasilbuc
1425 2151 1565 2192 uero
1600 2151 1898 2211 praeceps
1944 2136 2001 2192 et
2048 2130 2396 2193 temerarius·
2432 2131 2642 2212 prius-

268 2255 429 2316 quam
476 2241 595 2300 cet.
646 2233 975 2300 Omittunt
1021 2237 1227 2321 igitur
1273 2238 1505 2299 etiam:
1556 2235 1832 2318 alioquin
1879 2240 1944 2300 et
1989 2237 2064 2298 de
2107 2235 2238 2317 ipso
2282 2235 2533 2300 nomine.

348 2338 418 2402 ln
458 2340 731 2405 secundo
766 2339 904 2405 loco
942 2341 1276 2425 praebent:
1324 2361 1471 2418 „me
1512 2340 1634 2404 tibi
1674 2340 1826 2405 fecit
1862 2339 2165 2404 alienum.
2209 2343 2367 2424 quod
2389 2340 2642 2404 audiens

277 2445 511 2510 Charite
571 2446 825 2512 decoras
886 2437 1083 2532 genas
1144 2447 1538 2511 seuientibus
1583 2445 1890 2531 palmulis
1937 2446 2378 2523 uerberabat'',
2426 2451 2502 2510 ut
2547 2446 2642 2509 ibi

263 2549 438 2634 plane
486 2573 636 2616 cum
698 2552 757 2617 V
750 2551 985 2616 ossiauo
1031 2557 1095 2618 et
1143 2555 1380 2638 partim
1429 2573 1579 2617 cum
1626 2552 2036 2634 Neapolitano
2088 2548 2463 2618 CCCLXIII
2501 2572 2640 2615 con-

264 2659 491 2722 veniat.

346 2862 822 2926 Mediolanensi-3
868 2864 911 2927 f.
963 2862 1048 2927 85
1099 2868 1193 2927 u0.

346 2973 410 3033 at
468 2967 583 3034 illa
629 2975 971 3053 parentum
1019 2990 1285 3033 suorum
1334 2968 1575 3053 alioqui
1622 2990 1920 3033 reuerens
1965 2970 2176 3032 inuita
2225 2967 2489 3051 quidem
2535 2980 2666 3031 ue··

258 3096 398 3139 rum
459 3074 760 3161 religiose
819 3077 1185 3139 necessitati
1247 3076 1668 3140 succumbens
1718 3073 1909 3139 uultu
1957 3096 2082 3138 non
2135 3072 2393 3157 quidem
2441 3071 2654 3137 hilari·

262 3200 482 3244 uerum
544 3178 736 3266 paulo
802 3182 1113 3245 sereniore
1176 3184 1248 3245 ut
1311 3180 1651 3244 uidebatur
1701 3182 2066 3244 uiuentium
2113 3181 2335 3242 munia
2381 3198 2638 3262 prorsus

260 3285 321 3347 in
367 3291 617 3370 pectore
663 3288 864 3350 immo
912 3306 1066 3349 uero
1111 3288 1369 3370 penitus
1413 3286 1480 3349 in
1530 3284 1834 3349 medullis
1881 3282 2066 3348 luctu
2111 3304 2182 3348 ac
2229 3304 2472 3347 merore
2511 3304 2639 3346 car-

259 3389 442 3473 pebat
488 3393 781 3455 animum
830 3390 1086 3474 diesque
1134 3396 1303 3457 totos
1350 3396 1641 3474 totasque
1690 3396 1904 3453 noctes
1940 3390 2304 3453 insumebat
2340 3388 2634 3454 luctuoso

263 3493 563 3560 desiderio
626 3501 691 3560 et
750 3498 1067 3581 imagines
1128 3496 1409 3561 defuncti
1456 3516 1613 3579 quas
1661 3495 1741 3558 ad
1787 3494 2087 3558 habitum
2135 3494 2236 3558 dei
2281 3494 2468 3559 liberi
2515 3494 2636 3557 for·

260 3608 545 3666 mauerat
628 3600 837 3665 adfixo
907 3603 1179 3666 seruicio
1248 3601 1486 3665 diuinis
1556 3598 1884 3685 percolens
1951 3599 2298 3663 honoribus
2361 3602 2499 3684 ipso
2569 3620 2636 3663 se

258 3704 484 3771 solatio
552 3706 897 3770 cruciabat.
971 3705 1097 3771 Sed
1166 3705 1499 3771 tharsillus
1568 3724 1866 3790 praeceps
1929 3704 2171 3789 alioqui
2231 3711 2296 3769 et
2358 3704 2434 3769 de
2492 3707 2632 3789 ipso

260 3814 509 3877 nomine
554 3814 937 3877 temerarius
982 3815 1354 3897 priusquam
1402 3818 1509 3875 cet.

340 4028 457 4094 fol.
505 4029 593 4094 86
638 4036 721 4093 r0.
770 4029 905 4095 noli
949 4030 1292 4115 parricidio
1339 4031 1597 4114 nuptias
1643 4030 1978 4112 auspicari.
2030 4025 2290 4094 uolnera
2334 4027 2450 4091 illa
2485 4042 2634 4112 quo·
2723 4012 2736 4017 ”
2861 4074 2894 4095 -.

257 4154 399 4198 rum
464 4138 847 4221 sanguinem
909 4139 1018 4200 tue
1065 4134 1327 4200 lacrimo
1376 4133 1752 4219 proluerunt
1795 4154 1920 4197 non
1966 4137 2116 4196 sunt
2161 4139 2296 4197 tota
2341 4131 2633 4196 dentium

316 4400 372 4461 1)
409 4398 559 4449 Modo
590 4398 735 4448 habet
767 4412 875 4447 cum
910 4396 1018 4447 aliis
1053 4396 1191 4446 libris
1226 4398 1505 4447 uerberabat
1537 4413 1626 4461 pro
1661 4397 1978 4445 conuerberat.

315 4481 371 4546 2)
407 4482 482 4530 Cf.
520 4482 819 4544 Mnemosyn.
860 4480 986 4529 1895
1021 4496 1068 4545 p.
1105 4480 1216 4529 356.
