3351 5463
635 400 769 469 418
1326 423 1409 470 nn
1458 421 1798 472 smmum
1843 423 2311 472 nonsmoontm

635 587 761 651 ἀπὸ
801 587 1265 668 Πεισιστράτου.
1308 587 1476 654 Tum
1516 587 1900 654 Eustathins
1935 587 2085 655 785.
2115 589 2202 655 42
2243 595 2308 655 et
2347 590 2663 656 scholium
2685 589 3032 679 Townley-

634 711 833 782 anum
871 693 951 758 ad
994 703 1041 758 Κ
1075 694 1108 759 1
1152 715 1351 779 paene
1390 694 1633 760 eisdem
1673 695 1884 760 verbis
1925 693 2188 760 tradunt
2230 695 2574 760 Δολώνειαν
2613 697 2693 762 ab
2732 696 3028 764 Homero

634 801 979 884 separatim
1018 801 1370 864 confectam
1408 819 1445 864 a
1479 799 1818 865 Pisistrato
1859 799 2048 866 Iliadi
2087 820 2220 866 esse
2247 803 2555 866 insertam
2587 801 2653 882 ¹).
2688 801 3027 869 Postremo

634 904 955 982 scholium
1015 905 1095 969 ad
1154 920 1194 969 λ
1236 903 1367 970 603
1431 925 1694 971 versum
1751 905 1924 970 hunc
1983 905 2196 971 deberi
2241 903 2650 973 Onomacrito
2698 907 3030 974 Pisistrati

634 1013 859 1076 comiti
915 1015 1149 1076 narrat.
1210 1009 1393 1076 Nihil
1454 1012 1687 1076 horum
1735 1031 1813 1075 ex
1863 1031 1988 1096 quo
2035 1011 2209 1076 fonte
2256 1011 2517 1076 fluxerit
2563 1014 2823 1078 scimus.
2894 1012 3028 1080 Sed

634 1137 764 1180 non
822 1115 1011 1180 aliter.
1053 1137 1125 1182 ac
1170 1105 1251 1181 ea'
1289 1136 1449 1202 quae
1495 1117 1665 1202 apud
1712 1117 2100 1182 Pausaniam
2148 1117 2225 1182 de
2270 1120 2527 1183 nomine
2579 1119 2889 1183 Δονόεσσα
2934 1118 3030 1184 le-

633 1226 884 1308 guntur
926 1242 963 1286 e
1008 1225 1367 1288 narratione
1412 1226 1553 1307 ipsa
1600 1223 1677 1287 de
1726 1225 2084 1289 recensione
2132 1222 2507 1288 Pisistratea
2553 1224 2841 1291 derivata
2887 1245 3030 1290 esse

632 1326 954 1394 videntur.
1003 1327 1185 1406 Quod
1228 1332 1450 1393 autem
1493 1329 1574 1393 ad
1617 1329 2036 1393 Pisistratum
2077 1325 2280 1394 Oauer
2318 1329 2511 1395 refert
2547 1333 2746 1396 etiam
2784 1350 3028 1416 paucos

637 1433 882 1517 aliquos
969 1432 1143 1499 locos
1212 1435 1289 1498 ab
1359 1418 1639 1518 antiquis
1710 1440 1824 1498 aut
1891 1455 2016 1498 non
2085 1436 2500 1521 impugnatos
2567 1439 2681 1500 aut
2746 1438 2840 1501 ita
2905 1437 3030 1500 im-

634 1545 952 1625 pugnatos
1016 1545 1090 1604 ut
1147 1537 1405 1603 nullum
1466 1538 1941 1624 interpolatoris
2001 1559 2234 1607 nomen
2294 1540 2631 1618 adderetur
2648 1590 2666 1620 ‚
2715 1547 2792 1606 ut
2839 1556 2878 1605 λ
2925 1561 3026 1608 vs.

637 1643 995 1712 563—627
1061 1644 1468 1709 Aristarchus
1531 1645 1898 1727 damnavit,
1966 1671 1999 1719 n
2040 1643 2130 1710 80
2192 1643 2454 1712 Ohaeris
2489 1637 2871 1712 'Aristarchi
2928 1668 3032 1712 ae-

636 1749 844 1835 qualis
872 1747 941 1830 ³),
981 1755 1197 1814 nostra
1235 1751 1382 1834 hoc,
1428 1752 1483 1814 si
1520 1756 1692 1815 recte
1729 1751 2036 1816 hactenus
2077 1751 2554 1836 disputavimus
2572 1799 2588 1829 ,
2630 1773 2755 1817 non
2794 1753 3030 1818 referre

635 1859 897 1940 apparet
914 1904 930 1933 ,
980 1855 1057 1920 de
1104 1858 1351 1941 origine
1397 1861 1463 1920 et
1510 1876 1665 1920 aevo
1713 1858 1970 1921 etiamsi
2015 1859 2076 1920 ei
2122 1859 2565 1922 assentiamur.
2679 1917 2690 1920 -
2783 1869 2792 1876 '

724 1961 1139 2028 Pertractatis
1200 1964 1408 2047 igitur
1469 1965 1559 2026 eis
1623 1982 1784 2047 quae
1847 1961 2208 2028 attulerunt
2251 1961 2531 2026 Erhardt
2579 1969 2644 2028 et
2692 1961 2899 2029 Oauer
2947 1962 3030 2028 ad

635 2088 893 2133 causam
940 2089 1126 2133 suam
1172 2066 1562 2153 probandam
1581 2115 1597 2146 ,
1644 2067 1826 2132 nullo
1873 2067 2062 2133 modo
2110 2071 2509 2153 propositum
2558 2088 2750 2133 suum
2787 2089 2893 2133 eos
2937 2073 3036 2133 at-

634 2176 862 2260 tigisse
924 2179 1185 2258 apparet
1201 2222 1216 2250 ,
1280 2172 1444 2241 nihil
1504 2176 1679 2239 enim
1725 2177 1792 2238 in
1838 2168 1971 2238 illis
2019 2195 2155 2239 esse
2201 2195 2328 2258 quo
2375 2194 2688 2260 cogamur
2731 2174 3034 2238 Pisistra—

637 2284 775 2344 teae
825 2263 1173 2344 recensioni
1216 2278 1409 2344 fidem
1455 2280 1688 2345 habere
1705 2328 1721 2356 ,
1763 2280 1842 2344 ab
1880 2279 2082 2346 altera
2121 2284 2341 2345 autem
2381 2285 2560 2365 parte
2597 2300 2802 2364 neque
2841 2279 3033 2344 silen-

636 2387 805 2449 tium
867 2383 1446 2450 Alexandrinorum
1506 2389 1599 2450 ita
1644 2385 1947 2470 explicari
1991 2405 2211 2470 posse,
2261 2394 2337 2450 ut
2381 2407 2508 2450 non
2553 2385 2836 2469 aliquam
2867 2387 3024 2450 vim

638 2493 855 2554 contra
913 2511 1056 2555 eam
1102 2491 1332 2556 habeat
1349 2538 1364 2568 ‚
1413 2510 1617 2576 neque
1662 2493 1871 2575 ipsam
1917 2493 2270 2556 orationem
2317 2494 2677 2556 carminum
2720 2490 3020 2556 Homeri-

639 2617 859 2660 corum
916 2595 1234 2661 eiusmodi
1294 2617 1427 2661 esse
1490 2602 1566 2660 ut
1624 2595 1900 2661 formam
1960 2594 2146 2660 illam
2166 2643 2181 2673 ‚
2254 2614 2450 2681 quam
2520 2615 2687 2660 nunc
2749 2595 2992 2660 habent
3011 2643 3027 2674 ,

530 2709 533 2716 '
638 2705 752 2767 aut
812 2720 967 2767 aevo
1029 2702 1292 2767 demum
1354 2703 1732 2767 Pisistrateo
1793 2703 2108 2787 accepisse
2169 2700 2470 2767 credibile
2533 2704 2619 2767 sit
2636 2751 2652 2780 ‚
2719 2705 2863 2779 aut,
2892 2703 3032 2767 sine

633 2808 997 2872 litterarum
1059 2830 1177 2893 ope
1238 2808 1611 2874 verisimile.
1679 2808 1815 2888 Quo
1864 2808 2093 2875 addere
2137 2807 2290 2873 licet
2336 2807 2507 2892 quod
2553 2814 2722 2883 recte
2770 2809 3028 2871 monuit

635 2911 998 2977 Volkmann
1044 2934 1106 2978 v.
1134 2913 1193 2977 d.
1222 2912 1296 2993 4),
1345 2912 1689 2999 rhapsodos
1737 2917 1910 2999 ipsos
1929 2962 1945 2991 ,
1995 2916 2051 2977 si
2088 2915 2213 2978 sibi
2251 2936 2377 2979 non
2416 2913 2712 2999 expedire
2753 2913 3020 2978 arbitra—

635 3023 858 3083 rentur
918 3020 1197 3084 carmina
1257 3019 1603 3085 Homerica
1663 3022 1899 3104 scripta
1944 3020 2175 3085 habere
2193 3068 2210 3096 ‚
2263 3022 2374 3083 vix
2422 3022 2569 3105 cogi
2615 3019 2902 3103 potuisse
2948 3022 3030 3081 ut

1002 3188 1038 3195 —

705 3294 760 3358 1)
793 3294 981 3343 Testem
1017 3293 1157 3342 huius
1192 3293 1261 3341 rei
1297 3292 1601 3342 vWilamow.
1638 3292 1824 3357 profert
1857 3292 2005 3340 etiam
2039 3291 2344 3340 scholiastam
2371 3291 2431 3340 ad
2462 3290 2745 3353 Dionysium
2777 3290 3029 3349 'Phi-acam,

637 3375 698 3425 cf.
745 3375 1003 3425 Villoison.
1049 3376 1281 3425 Anecdot.
1330 3376 1386 3424 11
1421 3391 1469 3439 p.
1506 3374 1601 3424 185
1641 3374 1852 3424 Bekker.
1888 3360 2131 3422 Anecdota
2166 3376 2334 3422 Graec.
2371 3373 2427 3421 II
2462 3389 2508 3437 p.
2549 3372 2661 3423 768.
2717 3371 2868 3421 Nullo
2904 3372 3029 3421 inre.

637 3458 767 3507 Nam
819 3474 913 3507 uon
963 3460 1156 3507 tantum
1214 3457 1554 3521 grammaticus
1602 3456 1688 3503 ille
1736 3456 1929 3519 ignotus
1979 3470 2150 3505 nomen
2200 3454 2447 3504 Pisistrati
2495 3470 2592 3503 non
2637 3456 2778 3503 affert
2792 3492 2806 3513 ‚
2851 3454 2932 3502 sed
2966 3468 3029 3503 ne

637 3540 896 3604 separatim
942 3539 1135 3603 quidem
1180 3539 1427 3587 contendit
1471 3540 1634 3586 natam
1681 3536 1771 3593 τὴν
1815 3535 2090 3587 Δολώνειαν
2137 3536 2214 3586 vel
2258 3530 2642 3599 Νυκτεγερσίαιὶ
2683 3538 2738 3586 ut
2782 3535 2868 3585 ille
2922 3551 3030 3585 eam

637 3620 862 3685 appellat.
897 3620 1028 3685 Quid
1062 3620 1256 3669 intersit
1289 3618 1418 3668 inter
1453 3619 1663 3675 Ποίησις
1704 3621 1752 3667 et
1788 3618 1990 3678 Ποίημα
2021 3620 2172 3667 docet.
2204 3617 2411 3674 Ποίησις
2439 3621 2512 3666 eet
2543 3617 2658 3667 Ilias
2687 3619 2791 3666 tota
2822 3616 3042 3688 Hostum·

638 3715 849 3763 quaeque
886 3698 1126 3762 ῥαψῳδία.
1159 3699 1361 3760 Ποίημα
1398 3698 1526 3749 enim
1560 3702 1631 3747 est
1667 3696 1947 3761 σύνταγμα
1974 3699 2035 3747 τὸ
2066 3695 2115 3747 ἓν
2146 3703 2217 3761 τῷ
2247 3696 2383 3760 αὐτῷ
2416 3696 2575 3760 ἄρχον
2604 3696 2690 3747 καὶ
2717 3696 2869 3755 τέλος
2885 3694 3028 3760 ἕχον.

636 3781 851 3845 Exempli
890 3782 1058 3845 qratia
1111 3783 1248 3830 affert
1300 3780 1478 3850 librum
1523 3779 1693 3829 Iliadis
1738 3786 1794 3831 K.
1842 3779 1893 3828 Si
1941 3781 2168 3829 voluisset
2212 3780 2340 3829 hunc
2387 3779 2565 3829 librum
2613 3779 2871 3843 separatim
2917 3794 3032 3828 con·

635 3863 813 3912 fectum
848 3878 971 3922 esse,
1014 3863 1123 3912 aliis
1159 3862 1315 3912 verbis
1350 3863 1479 3911 idem
1518 3863 1574 3911 de
1607 3862 1808 3925 singulis
1842 3861 2104 3926 quibusque
2142 3861 2311 3910 Iliadis
2344 3860 2646 3910 sustinuisset
2682 3859 2967 3924 rhapsodiis.

704 3947 753 4006 2)
790 3946 1030 3995 Notitiam
1083 3946 1139 3994 de
1191 3944 1440 4010 Δολωνείᾳ
1493 3944 1706 3993 Erhardt
1756 3944 1847 4005 (1.1.
1882 3960 1928 4010 p.
1968 3944 2085 4005 162)
2136 3942 2411 3992 confirmari
2458 3946 2597 4007 putat
2644 3941 2841 3991 insolito
2883 3941 3022 3991 cultu

639 4028 837 4077 heroum
869 4027 953 4091 qui
986 4027 1038 4075 in
1072 4042 1126 4075 ea
1160 4026 1339 4091 primas
1371 4030 1530 4091 partes
1565 4028 1730 4089 agunt.
1765 4026 1893 4074 Nam
1924 4028 2354 4090 Agamemnonem,
2387 4023 2687 4082 Menelaum,
2721 4024 3031 4083 Diomedem,

639 4109 871 4157 Dolonem
922 4108 1127 4173 pellibus
1177 4108 1342 4157 ferinis
1384 4109 1577 4158 indutos
1621 4106 1841 4171 proponi.
1889 4107 1959 4156 Eo
2002 4112 2162 4156 autem
2195 4106 2398 4155 indicari
2432 4120 2488 4154 ea
2521 4109 2676 4154 aetate
2711 4104 3020 4169 rhapsodiam

637 4194 851 4239 nostram
884 4189 1126 4239 conditam
1160 4205 1257 4239 esse
1292 4206 1386 4254 qua
1417 4192 1557 4254 poeta
1582 4189 1816 4237 Pisander
1844 4188 2108 4238 Herculem
2135 4187 2260 4253 pelle
2287 4187 2439 4236 leonis
2466 4189 2648 4236 tectum
2677 4186 3023 4246 introduceret,

637 4268 671 4321 i.
690 4287 731 4321 e.
778 4268 892 4321 aero
940 4271 1238 4321 Pisistratou.
1287 4272 1359 4321 Ut
1402 4272 1493 4321 hoc
1534 4272 1604 4321 ita
1646 4272 1740 4330 sit,
1787 4272 1915 4335 quod
1949 4286 2047 4321 non
2081 4270 2320 4329 diiudico,
2356 4286 2451 4320 non
2485 4270 2621 4319 video
2655 4268 2767 4319 inde
2799 4269 2933 4333 sequi
2971 4270 3028 4318 ut

638 4369 670 4402 a
703 4352 967 4403 Pisistrato
999 4350 1249 4403 Δολώνεια
1282 4353 1427 4402 Iliadi
1459 4353 1649 4403 invecta
1682 4352 1760 4401 sit.

706 4436 760 4497 3)
796 4434 867 4483 Cf.
904 4434 1205 4484 vWilamow.
1251 4432 1324 4485 l.l.
1360 4451 1407 4499 p.
1445 4433 1561 4485 247.

707 4517 759 4577 4)
795 4515 963 4565 Gesch.
1003 4533 1047 4566 u.
1088 4517 1215 4567 Krit.
1254 4517 1341 4567 der
1377 4516 1652 4565 Wolfschen
1687 4517 1951 4581 prolegom.
1986 4513 2114 4567 1874
2148 4531 2195 4579 p.
2233 4514 2343 4567 817.
