3351 5463
1173 406 1257 454 on
1300 405 1451 454 mss
1497 405 1777 453 sommo.
2536 389 2668 456 239

285 574 567 636 mantem
594 569 665 652 1).
706 569 899 649 Sane,
924 572 1040 637 ubi
1063 573 1393 638 exstabant
1415 572 1930 637 determinationis
1953 572 2170 650 veteris
2191 582 2564 638 monumenta
2592 575 2666 656 ⁹),

285 681 391 764 qui
451 681 597 765 agri
659 678 819 743 olim
879 681 947 743 in
1009 679 1393 745 divisionem
1456 684 1796 758 venerant,
1862 682 1996 745 sine
2059 681 2251 746 dubio
2319 680 2669 746 secundum

283 783 877 850 determinationem
942 785 1355 851 ordinabatur
1399 788 1711 872 inspectio
1731 833 1746 863 ,
1794 785 2002 852 veluti
2047 780 2182 872 per'
2205 786 2489 854 Africam
2535 793 2672 852 tam

282 889 841 968 Proconsularem,
909 910 1103 974 quam
1170 890 1563 977 Byzacenam
1619 893 1818 956 etiam
1869 891 1986 955 sub
2033 891 2386 956 adventum
2433 891 2674 956 Vanda-

279 995 491 1060 lorum
537 997 822 1060 nondum
870 997 1145 1061 desierat
1190 998 1259 1060 in
1307 999 1611 1062 centuriis
1659 996 1969 1082 possideri
1998 995 2067 1076 3).
2115 996 2201 1061 Et
2235 997 2497 1061 fuerunt
2536 1000 2672 1082 qui-

284 1101 427 1166 dem
495 1102 616 1166 sub
684 1100 1039 1166 Iustiniano
1114 1104 1434 1166 centuriae
1498 1122 1573 1166 eo
1638 1121 1825 1166 sensu
1847 1149 1863 1178 ,
1931 1123 2056 1186 quo
2118 1102 2420 1167 dicuntur
2464 1105 2670 1187 capita

282 1209 414 1272 sive
458 1207 622 1292 iuga
645 1205 717 1288 ⁴),
761 1228 1038 1292 quorum
1075 1209 1317 1272 incerta
1356 1212 1451 1271 est
1488 1207 1852 1291 superficies
1870 1255 1887 1284 ,
1927 1228 2045 1293 par
2083 1200 2444 1273 aestimatio
2461 1228 2479 1286 3
2521 1207 2668 1274 illas

280 1333 425 1378 vero
472 1315 810 1398 utriusque
856 1313 1107 1380 Africae
1153 1334 1336 1378 veras
1383 1313 1579 1377 fuisse
1620 1315 1939 1378 centurias
1979 1313 2292 1378 indicium
2330 1319 2459 1392 est,
2499 1313 2669 1400 quod

278 1417 559 1504 legimus
622 1418 922 1484 omnibus
987 1421 1292 1484 centuriis
1355 1418 1654 1484 detractis
1719 1421 1787 1482 in
1835 1417 2036 1484 altera
2081 1422 2410 1504 provincia
2459 1442 2676 1507 super-

277 1523 471 1588 fuisse
534 1523 745 1604 iuyera
809 1522 935 1587 141
999 1525 1069 1588 in
1132 1522 1435 1588 solvendo
1454 1572 1470 1602 ,
1546 1521 1674 1586 144
1735 1525 1928 1588 semis
1989 1526 2058 1588 in
2119 1525 2518 1591 removendis
2537 1573 2554 1604 ‚
2603 1527 2671 1589 in

276 1627 473 1694 altera
548 1626 680 1694 180
750 1631 819 1692 in
886 1627 1265 1714 praestanda
1334 1629 1659 1693 functione
1683 1677 1698 1705 ‚
1777 1627 1818 1692 3
1886 1630 2081 1694 semis
2143 1632 2212 1694 in
2275 1631 2633 1697 auferendis
2653 1680 2668 1710 ,

276 1733 443 1818 quod
504 1735 601 1798 ita
663 1734 949 1819 procedit
1013 1737 1070 1799 si
1113 1736 1422 1820 iugerum
1467 1732 1544 1798 de
1590 1735 1878 1798 centuria
1925 1739 2097 1799 certa
2142 1755 2290 1820 pars
2334 1738 2421 1800 sit
2465 1735 2672 1801 veluti

276 1839 711 1904 ducentesima
735 1841 808 1920 ⁵),
856 1838 1142 1925 alioquin
1190 1838 1428 1904 additio
1478 1842 1917 1904 centuriarum
1965 1845 2030 1904 et
2073 1842 2380 1926 iugerum
2427 1844 2672 1908 mathe-

276 1947 511 2009 matica
554 1945 800 2010 ratione
837 1946 1281 2030 impediretur.
1334 1943 1598 2012 Constat
1634 1950 1960 2031 praeterea
1999 1946 2446 2030 stipendiarios
2486 1948 2668 2014 Afro-

279 2069 427 2115 rum
489 2071 679 2138 agros
743 2049 900 2115 olim
961 2051 1031 2114 in
1074 2052 1328 2136 formas
1374 2049 1660 2133 pubbicas
1721 2049 1950 2117 relatos
1999 2071 2133 2116 esse
2159 2051 2233 2132 ⁸).
2307 2052 2431 2117 Sed
2479 2059 2663 2132 sunt,

277 2157 511 2240 quibus
595 2176 975 2241 persuasum
1049 2160 1149 2221 est
1165 2205 1181 2235 ,
1264 2177 1376 2241 per
1452 2155 1738 2220 Africam
1817 2157 1880 2220 et
1960 2157 2279 2221 ducenum
2362 2160 2667 2244 iugerum

281 2265 603 2326 centurias
651 2262 879 2338 fuisse,
930 2263 995 2326 et
1040 2262 1237 2326 fuisse
1283 2262 1537 2326 easdem
1585 2263 1873 2345 capitum
1909 2263 2045 2326 sive
2085 2264 2391 2348 iugorum
2430 2262 2567 2329 loco
2593 2270 2666 2346 ⁷),

282 2368 455 2452 quod
514 2367 655 2432 fieri
718 2388 843 2432 non
904 2371 1115 2452 potest
1134 2415 1151 2444 ,
1214 2368 1363 2451 quia
1408 2369 1715 2452 iugorum
1765 2387 1842 2430 ex
1891 2370 2264 2432 necessitate
2309 2371 2525 2433 varius
2573 2375 2670 2434 est

283 2473 555 2550 moduS,
621 2477 695 2538 ut
757 2493 872 2558 par
924 2476 1009 2538 sit
1054 2475 1358 2559 pretium.
1415 2473 1477 2536 N
1479 2493 1547 2536 ec
1593 2472 1738 2537 ideo
1759 2521 1774 2549 ‚
1825 2475 1974 2557 quia
1999 2473 2190 2557 ,apud
2234 2473 2668 2546 Iustinianum

279 2581 607 2644 centuriae
652 2583 1112 2656 memorantur,
1163 2599 1323 2664 quae
1368 2580 1675 2664 iugorum
1716 2580 1858 2642 vice
1893 2578 2166 2656 fuerint,
2208 2580 2458 2644 Africae
2495 2601 2669 2665 prae-

273 2685 619 2767 iudicatur,
669 2706 747 2749 ne
787 2688 941 2749 tunc
980 2684 1242 2770 quidem
1282 2684 1842 2769 praeiudicaretur‚
1901 2686 1956 2748 si
1995 2683 2416 2751 demonstrari
2453 2693 2669 2771 posset

270 2792 653 2857 Africanum
712 2811 975 2856 censum
1034 2791 1152 2855 sub
1212 2789 1331 2855 illo
1391 2793 1680 2875 principe
1741 2811 1854 2875 per
1914 2787 2231 2856 centurias
2299 2793 2668 2857 ordinatum

270 2918 405 2962 esse
424 2945 441 2974 ‚
507 2917 670 2981 quae
734 2898 1056 2961 centuriae
1117 2899 1424 2982 iugorum
1476 2898 1617 2960 vice
1666 2895 1961 2959 fuissent.
2010 2895 2150 2959 Hoc
2197 2894 2351 2981 qui?
2413 2896 2669 2962 Scilicet

268 3008 419 3088 post
478 3000 796 3066 Vandalos
856 3006 1111 3066 exactos
1131 3049 1146 3079 ,
1212 3002 1365 3087 quia
1429 3003 1692 3085 antiqua
1742 3002 1992 3065 vasaria
2040 2998 2412 3067 Gizerichus
2459 3024 2670 3067 corru-

271 3112 457 3193 perat
517 3112 583 3172 et
646 3106 1049 3184 confuderat,
1115 3108 1194 3171 ab
1258 3128 1376 3173 ovo
1439 3127 1646 3172 novus
1707 3127 1931 3171 census
1976 3107 2388 3172 instruendus
2433 3109 2560 3172 fuit
2606 3113 2670 3173 et

268 3215 631 3277 instructus
678 3218 776 3277 est
800 3217 875 3292 ⁸).
924 3212 1108 3277 Sicut
1152 3213 1369 3277 Africa
1385 3259 1402 3290 ,
1451 3214 1545 3276 ita
1591 3210 1901 3276 Numidia
1947 3212 2066 3276 sub
2116 3212 2468 3279 adventum
2509 3212 2670 3279 Van-

334 3456 385 3517 1)
418 3454 707 3505 Theodoret.
742 3455 898 3520 Epist.
932 3456 1016 3515 42,
1050 3453 1137 3507 47.

335 3538 395 3599 Β)
432 3537 508 3587 Of.
546 3553 587 3585 ο.
623 3538 655 3587 2
690 3537 745 3587 G.
783 3538 829 3587 3.
853 3538 933 3587 89.

338 3622 390 3682 8)
423 3636 471 3668 c.
506 3620 569 3668 10
604 3620 658 3668 G.
695 3618 786 3667 Th.
825 3618 981 3677 11.1;
1018 3633 1059 3666 e.
1098 3618 1159 3666 13
1197 3619 1249 3668 G.
1287 3617 1374 3667 Th.
1412 3618 1590 3669 11.28.

490 3716 520 3748 ο
554 3737 566 3750 .
767 3737 777 3749 .
815 3700 857 3749 1.

336 3701 397 3845 :3
437 3701 834 3831 {aanffigm
876 3780 1149 3845 posuimus,
1193 3780 1307 3844 quia
1354 3780 1598 3830 centuriae
1633 3780 1890 3830 Africanae
1923 3786 2114 3830 centum
2148 3780 2393 3847 octoginta
2426 3780 2669 3846 iugeribus

270 3864 483 3914 maiores
526 3863 740 3912 fuerunt.
789 3863 966 3912 Tamen
1012 3862 1497 3927 praetermittendum
1531 3879 1628 3913 non
1663 3866 1736 3911 est
1771 3864 1861 3912 hoc
1895 3864 2036 3913 modo
2071 3879 2167 3913 non
2202 3864 2384 3929 expleri
2420 3865 2670 3929 utriusque

268 3945 553 4011 provinciae
588 3944 848 4002 ambitum.
886 3944 927 3993 si
959 3960 1129 3995 verum
1164 3945 1287 3995 vidit
1323 3944 1512 4004 Weber,
1547 3946 1975 4010 Ayraryesohicb-te
2011 3945 2185 4009 (1891)
2219 3963 2264 4011 p.
2306 3947 2421 3996 160.

342 4029 394 4090 6)
428 4028 487 4076 L.
523 4042 623 4090 egr.
659 4027 802 4078 inser.
839 4026 925 4076 lin.
963 4024 1044 4077 ¹18.

336 4109 389 4171 7)
424 4109 501 4159 ct.
537 4124 577 4158 e.
596 4125 642 4173 g.
678 4108 929 4168 Karmara,
964 4108 1294 4172 Rechtsth.
1330 4108 1357 4157 I
1391 4124 1440 4174 p.
1478 4109 1604 4159 9062
1658 4108 2103 4159 ‚Wahrscheinlich
2139 4108 2250 4172 (ist)
2285 4109 2337 4158 in
2371 4111 2559 4175 Afrika
2589 4113 2668 4163 die

268 4192 491 4242 centuria
523 4193 599 4239 ale
631 4191 917 4255 Steuerhufe
952 4228 962 4239 .
986 4228 997 4240 .
1027 4228 1037 4238 .
1058 4226 1069 4240 .
1106 4190 1347 4240 idest-‘isch
1381 4190 1471 4239 mit
1506 4191 1591 4239 der
1624 4190 1843 4239 centuria
1875 4193 1950 4240 ale
1984 4190 2399 4255 Fldohonyroaesd’.

332 4276 387 4335 8)
422 4272 625 4336 Procop.
665 4271 790 4323 Bell.
818 4270 972 4320 Vand.
1010 4272 1083 4321 II.
1120 4272 1149 4318 8
1188 4272 1243 4336 (i.
1282 4272 1370 4336 f.):
1408 4268 1577 4327 ἐπειδὴ
1616 4269 1670 4319 δὲ
1708 4275 1807 4319 τῶν
1845 4268 1930 4321 ἐπὶ
1963 4270 2157 4333 Λιβύης
2193 4273 2385 4335 χωρίων
2421 4275 2542 4333 τοὺς
2574 4278 2670 4339 φό-

266 4371 377 4415 ρους
423 4351 595 4402 οὐκέτι
642 4349 696 4411 ἦν
746 4348 795 4400 ὲν
841 4355 1215 4415 γραμματείοις
1251 4351 1600 4416 τεταγμένους
1637 4349 1810 4413 εὑρεῖν,
1845 4348 1963 4417 ᾗπερ
2000 4351 2182 4411 αὐτοὺς
2217 4352 2580 4417 ἀπεγράψαντο
2615 4354 2665 4406 ἐν

266 4436 377 4493 τοῖς
426 4433 523 4483 ξένω
570 4435 767 4497 χρόνοις
824 4433 1081 4495 Ῥωμαῖοι,
1128 4433 1228 4483 ἅτε
1276 4433 1543 4499 Γιζερίχου
1592 4433 2031 4497 ἀναχαιτίσαντός
2077 4452 2138 4483 τε
2180 4434 2265 4483 καὶ
2298 4433 2666 4500 διαφθείραντος

265 4516 385 4567 κατ’
435 4515 604 4578 ἀρχὰς
651 4514 883 4574 ἅπαντας
913 4516 1096 4582 (nonne
1131 4514 1334 4565 ἅπαντα
1348 4520 1413 4583 Ρ),
1448 4514 1651 4579 Τρύφων
1689 4534 1748 4567 τε
1792 4515 1878 4565 καὶ
1910 4515 2220 4579 Edenda-coc
2260 4519 2379 4580 πρὸς
2412 4518 2665 4581 βασιλέως
