3351 5463
1243 399 1742 454 Ams'rormns.
2555 379 2689 452 297

320 587 532 632 sensus
553 615 571 645 ,
633 588 759 632 non
820 573 1035 652 tamen
1095 570 1189 632 ita
1251 571 1327 632 ut
1376 566 1871 633 confundantur.
1936 565 2375 632 Nihilominus
2423 586 2460 631 a
2506 569 2696 633 corri-

319 672 519 758 gendo
566 693 670 739 me
717 672 991 740 deterret
1034 674 1415 739 mutationis
1460 671 1787 738 violentia.

284 925 298 958 e
401 887 508 953 Vs.
565 886 760 954 1365.
810 890 1091 954 ποθεῖν
1138 890 1318 971 έροῖν
1366 892 1426 954 τ’
1476 887 1680 961 ἔοικας
1727 889 1954 970 ὡραίας
2000 892 2192 968 σοροῦ.

318 993 621 1059 Nondum
666 1016 772 1060 me
819 997 1104 1080 poenitet
1145 999 1383 1089 veteris
1430 998 1863 1062 coniecturae:

808 1109 946 1166 ποῖ
988 1104 1192 1179 θεῖς;
1246 1102 1429 1180 ἕροῖν
1475 1103 1542 1179 γ’
1590 1099 1795 1171 ἔοικας
1843 1100 2070 1180 ὡραίας
2115 1105 2306 1180 σοροῦ.

1440 1587 1545 1654 VI.

1289 1788 1375 1834 AD
1422 1787 1706 1846 nomme.

403 1903 510 1970 Vs.
565 1903 716 1969 115.

491 2012 569 2082 ὥς
618 2008 859 2088 μεγάλ’
910 2011 937 2075 ὃ
986 2012 1363 2092 Παφλαγὼν
1411 2009 1808 2090 πέρδεται
1858 2011 1993 2076 καὶ
2043 2010 2462 2091 ῥέγκεται.

313 2113 474 2194 Quia
546 2117 965 2181 accessorium
1036 2121 1134 2180 est
1201 2117 1271 2181 τὸ
1342 2114 1660 2196 πέρδεσθαι
1680 2165 1698 2195 ,
1760 2115 2149 2202 probabilior
2210 2119 2376 2183 mihi
2434 2117 2694 2184 videtur

312 2218 498 2286 lectio
566 2219 705 2300 ῥέγ
727 2244 923 2285 κετα
947 2245 965 2284 ι
1036 2246 1071 2285 κ
1092 2221 1170 2284 αὶ
1245 2220 1599 2303 πέρδεται
1621 2245 1671 2300 ι,
1745 2242 1937 2306 quam
2005 2221 2194 2288 hodie
2255 2226 2580 2289 extantem
2625 2224 2693 2287 in

308 2324 487 2391 libris
536 2325 955 2393 deterioribus
1001 2332 1459 2393 commemorat
1506 2326 1586 2393 ad
1630 2326 1696 2393 h.
1720 2326 1767 2392 1.
1814 2325 2187 2394 Scholiasta.

404 2541 512 2608 Vs,
560 2539 715 2609 273.

402 2647 634 2735 Paphl.
684 2645 727 2712 ὦ
776 2648 955 2720 πόλις
1002 2650 1107 2715 καὶ
1157 2651 1323 2730 δῆμ’,
1377 2652 1485 2735 ὑφ’
1534 2649 1661 2717 οἵων
1708 2650 1912 2731 θηρίων
1956 2650 2398 2733 γαστρίζομαι.

488 2753 632 2820 Isic.
685 2755 820 2820 καὶ
870 2754 1186 2835 κέκραγας
1232 2754 1492 2838 ὥσπερ
1538 2759 1633 2823 de)
1685 2760 1794 2833 τὴν
1839 2756 2016 2824 πόλιν
2064 2756 2510 2837 καταστρέφει.
2622 2823 2629 2830 ,

310 2860 443 2926 Nec
506 2862 608 2926 καὶ
675 2882 789 2927 nec
854 2858 1050 2941 ὥσπερ
1100 2882 1329 2928 sanum
1374 2864 1652 2930 videtur.
1701 2864 1828 2930 Pro
1873 2866 1994 2930 hoc
2040 2858 2197 2945 ᾧπερ
2246 2884 2397 2929 cum
2441 2860 2691 2927 Kockio

310 2971 423 3031 aut
470 2961 681 3045 οἷσπερ
724 2965 1075 3053 legendum
1120 2967 1397 3047 videtur,
1444 2990 1557 3054 pro
1602 2968 1717 3035 illo
1765 2966 1836 3048 ἦ,
1884 2974 1960 3035 ut
2007 2972 2249 3056 passim
2293 2971 2362 3033 in
2405 2967 2589 3034 libris
2637 2976 2692 3032 H

310 3076 374 3135 et
422 3080 563 3136 ΚΑΙ
614 3071 1108 3142 confunduntur.

403 3288 513 3357 Vs.
564 3288 717 3355 535.

496 3392 559 3461 ὃν
602 3402 758 3476 χρῆν
807 3394 910 3461 διὰ
958 3395 1078 3467 τὰς
1128 3394 1423 3476 προτέρας
1471 3397 1646 3468 νίκας
1696 3397 1887 3463 πίνειν
1936 3397 1994 3460 έν
2044 3397 2126 3477 τᾷ·
2164 3396 2539 3476 πρυτανείῳ,

495 3502 601 3566 καὶ
650 3501 737 3577 μὴ
787 3509 1101 3578 ληρεῖν,
1151 3500 1330 3565 ἀλλὰ
1380 3502 1629 3567 θεᾶσθαι
1679 3506 1936 3582 λιπαρὸν
1983 3500 2156 3582 παρὰ
2204 3502 2286 3581 τῷ
2336 3500 2624 3579 Διονύσῳ.

314 3606 441 3671 Pro
488 3613 689 3685 ληρεῖν
736 3605 1035 3672 Meineke
1080 3607 1387 3672 substitui
1430 3610 1622 3673 iussit
1667 3608 1978 3687 ἄκληρεῖν,
2024 3608 2298 3673 verbum
2334 3607 2690 3682 novitium;

314 3712 422 3777 sed
478 3716 650 3778 recte
668 3759 684 3790 ,
752 3714 888 3777 imo
951 3711 1186 3777 melius
1248 3711 1441 3777 habet
1502 3712 1673 3798 quod
1734 3712 2062 3799 vulgatur.
2127 3711 2268 3777 Hoc
2330 3714 2506 3775 enim
2549 3707 2696 3775 vult

314 3821 503 3901 poeta
565 3836 723 3894 „nec
778 3814 1060 3901 amplius
1109 3815 1469 3881 comoedias
1516 3816 1773 3894 docere,
1821 3820 2296 3896 παραληροῦντα
2343 3813 2478 3880 scil.
2530 3814 2698 3878 ἔκπι-

314 3927 591 3986 πτουσῶν
634 3926 748 3984 τῶν
788 3920 1089 3999 ἠλέκτρων
1122 3920 1243 3985 καὶ·
1270 3927 1376 3986 τοῦ
1417 3921 1587 3986 τόνου
1629 3920 1826 3986 οὐκέτ’
1863 3921 2158 3998 {vdua-04⁹2
2190 3922 2296 3985 cui
2317 3919 2694 4005 cogitationi

316 4028 645 4111 aptissime
708 4027 1081 4110 opponitur:
1148 4026 1323 4090 ἀλλὰ
1392 4028 1643 4092 θεᾶσθαι
1705 4025 1964 4105 λιπαρὸν
2028 4024 2200 4105 παρὰ
2263 4025 2346 4103 τῷ
2404 4024 2693 4104 Διονύσῳ.

319 4130 641 4208 Antehac,
692 4151 840 4195 cum
886 4130 1143 4194 floreret
1186 4132 1478 4216 ingenio,
1528 4134 1747 4217 ipsum
1792 4130 2039 4196 fabulas
2087 4131 2451 4205 docentem,
2490 4149 2693 4205 nunc,

316 4235 491 4299 senio
575 4233 992 4319 desipientem
1010 4282 1025 4312 ‚
1116 4234 1353 4301 alienas
1439 4236 1689 4302 fabulas
1759 4241 2039 4322 spectare
2109 4233 2448 4301 Cratinum
2514 4232 2694 4296 iubet

316 4338 793 4424 Aristophanes.

2335 4586 2401 4634 20
