<?xml version="1.0" encoding="UTF-8"?>
<!DOCTYPE html PUBLIC "-//W3C//DTD XHTML 1.0 Transitional//EN"
    "http://www.w3.org/TR/xhtml1/DTD/xhtml1-transitional.dtd">
<html xmlns="http://www.w3.org/1999/xhtml" xml:lang="en" lang="en">
 <head>
  <title>
</title>
<meta http-equiv="Content-Type" content="text/html;charset=utf-8" />
  <meta name='ocr-system' content='tesseract 3.04.00' />
  <meta name='ocr-capabilities' content='ocr_page ocr_carea ocr_par ocr_line ocrx_word'/>
</head>
<body>
  <div class='ocr_page' id='page_1' title='image "./mnemosynevolume04verdgoog_0314.png"; bbox 0 0 3351 5463; ppageno 0'>
   <div class='ocr_carea' id='block_1_1' title="bbox 631 377 2070 443">
    <p class='ocr_par' dir='ltr' id='par_1_1' title="bbox 631 377 2070 443">
     <span class='ocr_line' id='line_1_1' title="bbox 631 377 2070 443; baseline -0.001 0"><span class='ocrx_word' id='word_1_1' title='bbox 631 377 762 443; x_wconf 88' lang='lat'>304</span> <span class='ocrx_word' id='word_1_2' title='bbox 1571 393 2070 442; x_wconf 68' lang='lat' dir='ltr'>Amsrorflmns.</span> 
     </span>
    </p>
   </div>
   <div class='ocr_carea' id='block_1_2' title="bbox 630 558 3020 1577">
    <p class='ocr_par' dir='ltr' id='par_1_2' title="bbox 632 558 3016 752">
     <span class='ocr_line' id='line_1_2' title="bbox 632 558 3016 646; baseline -0.002 -20"><span class='ocrx_word' id='word_1_3' title='bbox 632 565 697 626; x_wconf 89' lang='lat' dir='ltr'>et</span> <span class='ocrx_word' id='word_1_4' title='bbox 758 566 1087 646; x_wconf 88' lang='lat' dir='ltr'>sequentes</span> <span class='ocrx_word' id='word_1_5' title='bbox 1103 610 1120 640; x_wconf 89' lang='lat'><em>,</em></span> <span class='ocrx_word' id='word_1_6' title='bbox 1184 582 1341 646; x_wconf 90' lang='lat' dir='ltr'>quos</span> <span class='ocrx_word' id='word_1_7' title='bbox 1404 560 1754 626; x_wconf 88' lang='lat' dir='ltr'>secundum</span> <span class='ocrx_word' id='word_1_8' title='bbox 1819 560 1996 625; x_wconf 82' lang='lat' dir='ltr'><strong>codd.</strong></span> <span class='ocrx_word' id='word_1_9' title='bbox 2061 559 2283 626; x_wconf 91' lang='lat' dir='ltr'>eadem</span> <span class='ocrx_word' id='word_1_10' title='bbox 2344 560 2598 637; x_wconf 91' lang='lat' dir='ltr'>mulier,</span> <span class='ocrx_word' id='word_1_11' title='bbox 2662 558 3016 625; x_wconf 91' lang='lat' dir='ltr'>secundum</span> 
     </span>
     <span class='ocr_line' id='line_1_3' title="bbox 634 666 1447 752; baseline -0.002 -20"><span class='ocrx_word' id='word_1_12' title='bbox 634 666 908 734; x_wconf 73' lang='lat' dir='ltr'>editores</span> <span class='ocrx_word' id='word_1_13' title='bbox 954 666 1079 732; x_wconf 89' lang='lat' dir='ltr'>alia</span> <span class='ocrx_word' id='word_1_14' title='bbox 1123 666 1447 752; x_wconf 86' lang='lat' dir='ltr'>loquitur:</span> 
     </span>
    </p>

    <p class='ocr_par' dir='ltr' id='par_1_3' title="bbox 1038 769 2435 850">
     <span class='ocr_line' id='line_1_4' title="bbox 1038 769 2435 850; baseline -0.001 -15"><span class='ocrx_word' id='word_1_15' title='bbox 1038 773 1229 837; x_wconf 89' lang='grc' dir='ltr'><strong><em>ταυτί</em></strong></span> <span class='ocrx_word' id='word_1_16' title='bbox 1275 796 1353 850; x_wconf 74' lang='grc' dir='ltr'>γε</span> <span class='ocrx_word' id='word_1_17' title='bbox 1401 795 1491 836; x_wconf 89' lang='grc' dir='ltr'>τοι</span> <span class='ocrx_word' id='word_1_18' title='bbox 1541 772 1607 844; x_wconf 63' lang='grc' dir='ltr'><strong><em>νὴ</em></strong></span> <span class='ocrx_word' id='word_1_19' title='bbox 1656 773 1758 836; x_wconf 81' lang='grc' dir='ltr'><strong><em>τὸν</em></strong></span> <span class='ocrx_word' id='word_1_20' title='bbox 1810 771 1912 835; x_wconf 80' lang='grc' dir='ltr'><strong><em>Δί’</em></strong></span> <span class='ocrx_word' id='word_1_21' title='bbox 1961 770 2285 849; x_wconf 73' lang='grc' dir='ltr'><strong><em>ἐφερόμην,</em></strong></span> <span class='ocrx_word' id='word_1_22' title='bbox 2335 769 2435 835; x_wconf 75' lang='grc' dir='ltr'>ἵνα</span> 
     </span>
    </p>

    <p class='ocr_par' dir='ltr' id='par_1_4' title="bbox 630 876 3020 1577">
     <span class='ocr_line' id='line_1_5' title="bbox 1038 876 2339 956; baseline -0.002 -14"><span class='ocrx_word' id='word_1_23' title='bbox 1038 876 1459 956; x_wconf 73' lang='grc' dir='ltr'>πληρουμένης</span> <span class='ocrx_word' id='word_1_24' title='bbox 1508 876 1771 954; x_wconf 80' lang='grc' dir='ltr'><strong><em>ξαίνοιμι</em></strong></span> <span class='ocrx_word' id='word_1_25' title='bbox 1821 883 1934 948; x_wconf 76' lang='grc' dir='ltr'><strong><em>τῆς</em></strong></span> <span class='ocrx_word' id='word_1_26' title='bbox 1983 877 2339 950; x_wconf 83' lang='grc' dir='ltr'><strong><em>ε’κκλησίας.</em></strong></span> 
     </span>
     <span class='ocr_line' id='line_1_6' title="bbox 632 981 3018 1067; baseline -0.002 -19"><span class='ocrx_word' id='word_1_27' title='bbox 632 983 796 1064; x_wconf 82' lang='lat' dir='ltr'>Quia</span> <span class='ocrx_word' id='word_1_28' title='bbox 857 1004 1007 1048; x_wconf 86' lang='lat' dir='ltr'>vero</span> <span class='ocrx_word' id='word_1_29' title='bbox 1064 989 1201 1048; x_wconf 91' lang='lat' dir='ltr'>tam</span> <span class='ocrx_word' id='word_1_30' title='bbox 1261 985 1330 1046; x_wconf 90' lang='lat' dir='ltr'>in</span> <span class='ocrx_word' id='word_1_31' title='bbox 1392 984 1779 1067; x_wconf 75' lang='lat' dir='ltr'>praegressis</span> <span class='ocrx_word' id='word_1_32' title='bbox 1843 1002 2037 1066; x_wconf 88' lang='lat' dir='ltr'>quam</span> <span class='ocrx_word' id='word_1_33' title='bbox 2083 983 2150 1044; x_wconf 90' lang='lat' dir='ltr'>in</span> <span class='ocrx_word' id='word_1_34' title='bbox 2198 981 2610 1066; x_wconf 88' lang='lat' dir='ltr'>sequentibus</span> <span class='ocrx_word' id='word_1_35' title='bbox 2656 985 3018 1045; x_wconf 78' lang='lat' dir='ltr'>constanter</span> 
     </span>
     <span class='ocr_line' id='line_1_7' title="bbox 630 1083 3016 1176; baseline -0.002 -21"><span class='ocrx_word' id='word_1_36' title='bbox 630 1093 1034 1176; x_wconf 83' lang='lat' dir='ltr'>Praxagorae</span> <span class='ocrx_word' id='word_1_37' title='bbox 1095 1090 1290 1155; x_wconf 88' lang='lat' dir='ltr'>verba</span> <span class='ocrx_word' id='word_1_38' title='bbox 1340 1087 1694 1153; x_wconf 79' lang='lat' dir='ltr'>mulierum</span> <span class='ocrx_word' id='word_1_39' title='bbox 1741 1087 1912 1152; x_wconf 88' lang='lat' dir='ltr'>dicta</span> <span class='ocrx_word' id='word_1_40' title='bbox 1955 1083 2473 1172; x_wconf 85' lang='lat' dir='ltr'>interrumpunt,</span> <span class='ocrx_word' id='word_1_41' title='bbox 2521 1086 2743 1151; x_wconf 90' lang='lat' dir='ltr'>nullus</span> <span class='ocrx_word' id='word_1_42' title='bbox 2791 1086 3016 1150; x_wconf 87' lang='lat' dir='ltr'>dubito</span> 
     </span>
     <span class='ocr_line' id='line_1_8' title="bbox 633 1192 3018 1281; baseline -0.002 -22"><span class='ocrx_word' id='word_1_43' title='bbox 633 1198 787 1281; x_wconf 90' lang='lat' dir='ltr'>quin</span> <span class='ocrx_word' id='word_1_44' title='bbox 847 1200 1014 1260; x_wconf 88' lang='lat' dir='ltr'>recte</span> <span class='ocrx_word' id='word_1_45' title='bbox 1060 1194 1322 1280; x_wconf 90' lang='lat' dir='ltr'>quidem</span> <span class='ocrx_word' id='word_1_46' title='bbox 1368 1193 1578 1259; x_wconf 92' lang='lat' dir='ltr'>eidem</span> <span class='ocrx_word' id='word_1_47' title='bbox 1625 1192 1889 1257; x_wconf 89' lang='lat' dir='ltr'>mulieri</span> <span class='ocrx_word' id='word_1_48' title='bbox 1929 1193 2004 1257; x_wconf 82' lang='lat' dir='ltr'>hi</span> <span class='ocrx_word' id='word_1_49' title='bbox 2051 1201 2327 1277; x_wconf 80' lang='lat' dir='ltr'>quatuor</span> <span class='ocrx_word' id='word_1_50' title='bbox 2374 1213 2599 1257; x_wconf 87' lang='lat' dir='ltr'>versus</span> <span class='ocrx_word' id='word_1_51' title='bbox 2647 1192 3018 1256; x_wconf 85' lang='lat' dir='ltr'>tribuantur</span> 
     </span>
     <span class='ocr_line' id='line_1_9' title="bbox 630 1288 3020 1385; baseline -0.003 -21"><span class='ocrx_word' id='word_1_52' title='bbox 630 1303 699 1364; x_wconf 91' lang='lat' dir='ltr'>in</span> <span class='ocrx_word' id='word_1_53' title='bbox 756 1299 938 1365; x_wconf 87' lang='lat' dir='ltr'>libris</span> <span class='ocrx_word' id='word_1_54' title='bbox 958 1348 975 1376; x_wconf 90' lang='lat'>‚</span> <span class='ocrx_word' id='word_1_55' title='bbox 1041 1299 1151 1365; x_wconf 87' lang='lat' dir='ltr'>sed</span> <span class='ocrx_word' id='word_1_56' title='bbox 1214 1304 1357 1385; x_wconf 89' lang='lat' dir='ltr'>post</span> <span class='ocrx_word' id='word_1_57' title='bbox 1403 1320 1499 1364; x_wconf 84' lang='lat' dir='ltr'>vs.</span> <span class='ocrx_word' id='word_1_58' title='bbox 1548 1295 1634 1363; x_wconf 82' lang='lat'>87</span> <span class='ocrx_word' id='word_1_59' title='bbox 1683 1297 1986 1363; x_wconf 83' lang='lat' dir='ltr'>exciderit</span> <span class='ocrx_word' id='word_1_60' title='bbox 2032 1288 2435 1383; x_wconf 81' lang='lat' dir='ltr'>Praxagorae</span> <span class='ocrx_word' id='word_1_61' title='bbox 2484 1299 2770 1381; x_wconf 85' lang='lat' dir='ltr'>quaestio</span> <span class='ocrx_word' id='word_1_62' title='bbox 2818 1295 3020 1380; x_wconf 86' lang='lat' dir='ltr'>„quid</span> 
     </span>
     <span class='ocr_line' id='line_1_10' title="bbox 632 1400 3017 1488; baseline -0.001 -19"><span class='ocrx_word' id='word_1_63' title='bbox 632 1406 757 1470; x_wconf 90' lang='lat' dir='ltr'>sibi</span> <span class='ocrx_word' id='word_1_64' title='bbox 816 1404 976 1471; x_wconf 83' lang='lat' dir='ltr'>velit</span> <span class='ocrx_word' id='word_1_65' title='bbox 1035 1404 1214 1482; x_wconf 87' lang='lat' dir='ltr'>lana,</span> <span class='ocrx_word' id='word_1_66' title='bbox 1288 1424 1481 1488; x_wconf 88' lang='lat' dir='ltr'>quam</span> <span class='ocrx_word' id='word_1_67' title='bbox 1543 1424 1764 1469; x_wconf 86' lang='lat' dir='ltr'>secum</span> <span class='ocrx_word' id='word_1_68' title='bbox 1824 1407 2036 1488; x_wconf 85' lang='lat' dir='ltr'>portat</span> <span class='ocrx_word' id='word_1_69' title='bbox 2095 1400 2541 1469; x_wconf 88' lang='lat' dir='ltr'>muliercula.”</span> <span class='ocrx_word' id='word_1_70' title='bbox 2617 1401 2714 1466; x_wconf 88' lang='lat' dir='ltr'>Ita</span> <span class='ocrx_word' id='word_1_71' title='bbox 2775 1403 3017 1486; x_wconf 88' lang='lat' dir='ltr'>optime</span> 
     </span>
     <span class='ocr_line' id='line_1_11' title="bbox 633 1507 2540 1577; baseline -0.002 -2"><span class='ocrx_word' id='word_1_72' title='bbox 633 1510 996 1577; x_wconf 91' lang='lat' dir='ltr'>consultum</span> <span class='ocrx_word' id='word_1_73' title='bbox 1044 1511 1167 1574; x_wconf 85' lang='lat' dir='ltr'>erit</span> <span class='ocrx_word' id='word_1_74' title='bbox 1211 1510 1451 1574; x_wconf 88' lang='lat' dir='ltr'>hiantis</span> <span class='ocrx_word' id='word_1_75' title='bbox 1496 1529 1664 1574; x_wconf 90' lang='lat' dir='ltr'>nunc</span> <span class='ocrx_word' id='word_1_76' title='bbox 1714 1510 2018 1574; x_wconf 87' lang='lat' dir='ltr'>orationis</span> <span class='ocrx_word' id='word_1_77' title='bbox 2066 1507 2540 1574; x_wconf 79' lang='lat' dir='ltr'>necessitudini.</span> 
     </span>
    </p>
   </div>
   <div class='ocr_carea' id='block_1_3' title="bbox 632 1690 3022 2306">
    <p class='ocr_par' dir='ltr' id='par_1_5' title="bbox 632 1690 3022 2306">
     <span class='ocr_line' id='line_1_12' title="bbox 727 1690 1039 1757; baseline 0 0"><span class='ocrx_word' id='word_1_78' title='bbox 727 1690 834 1757; x_wconf 90' lang='lat' dir='ltr'>Vs.</span> <span class='ocrx_word' id='word_1_79' title='bbox 884 1691 1039 1757; x_wconf 81' lang='lat'><strong>288.</strong></span> 
     </span>
     <span class='ocr_line' id='line_1_13' title="bbox 904 1794 2322 1881; baseline -0.002 -18"><span class='ocrx_word' id='word_1_80' title='bbox 904 1799 932 1863; x_wconf 85' lang='grc' dir='ltr'><em>ὃ</em></span> <span class='ocrx_word' id='word_1_81' title='bbox 982 1796 1242 1869; x_wconf 83' lang='grc' dir='ltr'><strong><em>κίνδυνος</em></strong></span> <span class='ocrx_word' id='word_1_82' title='bbox 1288 1797 1416 1875; x_wconf 75' lang='grc' dir='ltr'>γὰρ</span> <span class='ocrx_word' id='word_1_83' title='bbox 1464 1797 1605 1878; x_wconf 77' lang='grc' dir='ltr'>οὐχ)</span> <span class='ocrx_word' id='word_1_84' title='bbox 1656 1794 1902 1881; x_wconf 83' lang='grc' dir='ltr'><strong><em>μικρός,</em></strong></span> <span class='ocrx_word' id='word_1_85' title='bbox 1956 1797 2024 1871; x_wconf 78' lang='grc' dir='ltr'><strong><em>ἢν</em></strong></span> <span class='ocrx_word' id='word_1_86' title='bbox 2071 1801 2322 1874; x_wconf 72' lang='grc' dir='ltr'><strong><em>ἁλῶμεν</em></strong></span> 
     </span>
     <span class='ocr_line' id='line_1_14' title="bbox 908 1901 2655 1980; baseline -0.001 -14"><span class='ocrx_word' id='word_1_87' title='bbox 908 1902 1389 1978; x_wconf 81' lang='grc' dir='ltr'><strong><em>ἐνδυόμεναι</em></strong></span> <span class='ocrx_word' id='word_1_88' title='bbox 1438 1902 1610 1972; x_wconf 73' lang='grc' dir='ltr'><strong><em>κατα</em></strong></span> <span class='ocrx_word' id='word_1_89' title='bbox 1660 1902 1876 1967; x_wconf 78' lang='grc' dir='ltr'><strong><em>σκότον</em></strong></span> <span class='ocrx_word' id='word_1_90' title='bbox 1922 1901 2228 1980; x_wconf 88' lang='grc' dir='ltr'><strong><em>τόλμημα</em></strong></span> <span class='ocrx_word' id='word_1_91' title='bbox 2277 1906 2655 1978; x_wconf 82' lang='grc' dir='ltr'><strong><em>τηλικοῦτον.</em></strong></span> 
     </span>
     <span class='ocr_line' id='line_1_15' title="bbox 632 2007 3017 2094; baseline -0.001 -19"><span class='ocrx_word' id='word_1_92' title='bbox 632 2009 777 2075; x_wconf 92' lang='lat' dir='ltr'>Non</span> <span class='ocrx_word' id='word_1_93' title='bbox 815 2007 984 2074; x_wconf 91' lang='lat' dir='ltr'>male</span> <span class='ocrx_word' id='word_1_94' title='bbox 1024 2008 1418 2085; x_wconf 74' lang='grc' dir='ltr'><strong><em>ἕνισταέμεναι</em></strong></span> <span class='ocrx_word' id='word_1_95' title='bbox 1457 2010 1728 2074; x_wconf 87' lang='lat' dir='ltr'>coniecit</span> <span class='ocrx_word' id='word_1_96' title='bbox 1764 2007 2073 2094; x_wconf 80' lang='lat' dir='ltr'>Blaydes,</span> <span class='ocrx_word' id='word_1_97' title='bbox 2115 2008 2227 2075; x_wconf 89' lang='lat' dir='ltr'>sed</span> <span class='ocrx_word' id='word_1_98' title='bbox 2266 2008 2432 2073; x_wconf 87' lang='lat' dir='ltr'>mihi</span> <span class='ocrx_word' id='word_1_99' title='bbox 2471 2007 2607 2073; x_wconf 91' lang='lat' dir='ltr'>sola</span> <span class='ocrx_word' id='word_1_100' title='bbox 2630 2010 3017 2093; x_wconf 87' lang='lat' dir='ltr'>praepositio</span> 
     </span>
     <span class='ocr_line' id='line_1_16' title="bbox 634 2112 3022 2201; baseline -0.002 -20"><span class='ocrx_word' id='word_1_101' title='bbox 634 2120 933 2201; x_wconf 86' lang='lat' dir='ltr'>corrupta</span> <span class='ocrx_word' id='word_1_102' title='bbox 969 2114 1226 2179; x_wconf 87' lang='lat' dir='ltr'>videtur</span> <span class='ocrx_word' id='word_1_103' title='bbox 1265 2118 1330 2179; x_wconf 92' lang='lat' dir='ltr'>et</span> <span class='ocrx_word' id='word_1_104' title='bbox 1370 2115 1754 2179; x_wconf 82' lang='lat' dir='ltr'>correxerim</span> <span class='ocrx_word' id='word_1_105' title='bbox 1792 2115 2012 2199; x_wconf 87' lang='lat' dir='ltr'>potius</span> <span class='ocrx_word' id='word_1_106' title='bbox 2053 2114 2348 2178; x_wconf 78' lang='grc' dir='ltr'><strong><em>ὑποδυό</em></strong></span> <span class='ocrx_word' id='word_1_107' title='bbox 2365 2135 2629 2197; x_wconf 82' lang='grc' dir='ltr'><strong><em>μεναι,</em></strong></span> <span class='ocrx_word' id='word_1_108' title='bbox 2674 2112 2845 2197; x_wconf 92' lang='lat' dir='ltr'>quod</span> <span class='ocrx_word' id='word_1_109' title='bbox 2880 2133 3022 2177; x_wconf 83' lang='lat' dir='ltr'>ver-</span> 
     </span>
     <span class='ocr_line' id='line_1_17' title="bbox 634 2218 3013 2306; baseline -0.001 -21"><span class='ocrx_word' id='word_1_110' title='bbox 634 2222 793 2286; x_wconf 92' lang='lat' dir='ltr'>bum</span> <span class='ocrx_word' id='word_1_111' title='bbox 831 2223 1070 2306; x_wconf 89' lang='lat' dir='ltr'>passim</span> <span class='ocrx_word' id='word_1_112' title='bbox 1106 2227 1454 2305; x_wconf 86' lang='lat' dir='ltr'>usurpatur</span> <span class='ocrx_word' id='word_1_113' title='bbox 1493 2219 1569 2284; x_wconf 92' lang='lat' dir='ltr'>de</span> <span class='ocrx_word' id='word_1_114' title='bbox 1607 2221 1866 2306; x_wconf 87' lang='lat' dir='ltr'>negotio</span> <span class='ocrx_word' id='word_1_115' title='bbox 1913 2219 2126 2305; x_wconf 85' lang='lat' dir='ltr'>aliquo</span> <span class='ocrx_word' id='word_1_116' title='bbox 2172 2226 2284 2285; x_wconf 88' lang='lat' dir='ltr'>aut</span> <span class='ocrx_word' id='word_1_117' title='bbox 2331 2218 2546 2284; x_wconf 89' lang='lat' dir='ltr'>labore</span> <span class='ocrx_word' id='word_1_118' title='bbox 2589 2218 3013 2304; x_wconf 88' lang='lat' dir='ltr'>suscipiendo.</span> 
     </span>
    </p>
   </div>
   <div class='ocr_carea' id='block_1_4' title="bbox 634 2397 3013 2699">
    <p class='ocr_par' dir='ltr' id='par_1_6' title="bbox 634 2397 3013 2699">
     <span class='ocr_line' id='line_1_18' title="bbox 723 2397 2716 2484; baseline -0.003 -16"><span class='ocrx_word' id='word_1_119' title='bbox 723 2401 829 2468; x_wconf 80' lang='lat' dir='ltr'>Vs,</span> <span class='ocrx_word' id='word_1_120' title='bbox 881 2400 1033 2466; x_wconf 82' lang='grc'><strong>312.</strong></span> <span class='ocrx_word' id='word_1_121' title='bbox 1084 2401 1215 2464; x_wconf 73' lang='grc' dir='ltr'>ἐπεὶ</span> <span class='ocrx_word' id='word_1_122' title='bbox 1267 2401 1411 2476; x_wconf 86' lang='grc' dir='ltr'><strong><em>πρὸς</em></strong></span> <span class='ocrx_word' id='word_1_123' title='bbox 1461 2397 1534 2463; x_wconf 75' lang='grc' dir='ltr'>ἕω</span> <span class='ocrx_word' id='word_1_124' title='bbox 1586 2405 1686 2464; x_wconf 83' lang='grc' dir='ltr'>νῦν</span> <span class='ocrx_word' id='word_1_125' title='bbox 1735 2402 1804 2476; x_wconf 76' lang='grc' dir='ltr'>γ’</span> <span class='ocrx_word' id='word_1_126' title='bbox 1853 2397 2122 2484; x_wconf 36' lang='grc' dir='ltr'><strong><em>ἔστινρῆ</em></strong></span> <span class='ocrx_word' id='word_1_127' title='bbox 2176 2401 2226 2463; x_wconf 85' lang='grc' dir='ltr'>δ’</span> <span class='ocrx_word' id='word_1_128' title='bbox 2277 2402 2342 2464; x_wconf 81' lang='grc' dir='ltr'>οὐ</span> <span class='ocrx_word' id='word_1_129' title='bbox 2392 2401 2716 2479; x_wconf 73' lang='grc' dir='ltr'><strong><em>Φαίνεται.</em></strong></span> 
     </span>
     <span class='ocr_line' id='line_1_19' title="bbox 636 2504 3013 2591; baseline -0.002 -18"><span class='ocrx_word' id='word_1_130' title='bbox 636 2509 839 2574; x_wconf 83' lang='lat' dir='ltr'>Locus</span> <span class='ocrx_word' id='word_1_131' title='bbox 898 2529 1023 2572; x_wconf 93' lang='lat' dir='ltr'>non</span> <span class='ocrx_word' id='word_1_132' title='bbox 1086 2512 1182 2571; x_wconf 89' lang='lat' dir='ltr'>est</span> <span class='ocrx_word' id='word_1_133' title='bbox 1242 2504 1591 2591; x_wconf 84' lang='lat' dir='ltr'>particulae</span> <span class='ocrx_word' id='word_1_134' title='bbox 1638 2508 1726 2582; x_wconf 72' lang='grc' dir='ltr'>γ’,</span> <span class='ocrx_word' id='word_1_135' title='bbox 1790 2526 1950 2589; x_wconf 88' lang='lat' dir='ltr'>quae</span> <span class='ocrx_word' id='word_1_136' title='bbox 1997 2505 2374 2589; x_wconf 89' lang='lat' dir='ltr'>simpliciter</span> <span class='ocrx_word' id='word_1_137' title='bbox 2421 2504 2687 2571; x_wconf 89' lang='lat' dir='ltr'>delenda</span> <span class='ocrx_word' id='word_1_138' title='bbox 2731 2504 3013 2572; x_wconf 82' lang='lat' dir='ltr'>videtur.</span> 
     </span>
     <span class='ocr_line' id='line_1_20' title="bbox 634 2611 1666 2699; baseline -0.004 -21"><span class='ocrx_word' id='word_1_139' title='bbox 634 2612 927 2699; x_wconf 83' lang='lat' dir='ltr'>Elmsley</span> <span class='ocrx_word' id='word_1_140' title='bbox 974 2617 1073 2675; x_wconf 83' lang='grc' dir='ltr'>νῦν</span> <span class='ocrx_word' id='word_1_141' title='bbox 1122 2611 1330 2685; x_wconf 80' lang='grc' dir='ltr'><strong><em>δῆστιν</em></strong></span> <span class='ocrx_word' id='word_1_142' title='bbox 1378 2613 1666 2676; x_wconf 91' lang='lat' dir='ltr'>coniecit.</span> 
     </span>
    </p>
   </div>
   <div class='ocr_carea' id='block_1_5' title="bbox 724 2792 2562 2860">
    <p class='ocr_par' dir='ltr' id='par_1_7' title="bbox 724 2792 2562 2860">
     <span class='ocr_line' id='line_1_21' title="bbox 724 2792 2562 2860; baseline -0.002 -1"><span class='ocrx_word' id='word_1_143' title='bbox 724 2795 831 2860; x_wconf 89' lang='lat' dir='ltr'>Vs.</span> <span class='ocrx_word' id='word_1_144' title='bbox 885 2793 1035 2860; x_wconf 83' lang='lat'><strong>339.</strong></span> <span class='ocrx_word' id='word_1_145' title='bbox 2223 2792 2292 2857; x_wconf 84' lang='grc' dir='ltr'>οὔ</span> <span class='ocrx_word' id='word_1_146' title='bbox 2336 2792 2402 2857; x_wconf 90' lang='grc' dir='ltr'><strong><em>τί</em></strong></span> <span class='ocrx_word' id='word_1_147' title='bbox 2448 2815 2562 2858; x_wconf 88' lang='grc' dir='ltr'>που</span> 
     </span>
    </p>
   </div>
   <div class='ocr_carea' id='block_1_6' title="bbox 632 2897 3022 4031">
    <p class='ocr_par' dir='ltr' id='par_1_8' title="bbox 935 2897 2405 3085">
     <span class='ocr_line' id='line_1_22' title="bbox 1089 2897 2405 2976; baseline -0.002 -13"><span class='ocrx_word' id='word_1_148' title='bbox 1089 2900 1381 2974; x_wconf 85' lang='grc' dir='ltr'><strong><em>Κινησίας</em></strong></span> <span class='ocrx_word' id='word_1_149' title='bbox 1430 2922 1535 2963; x_wconf 93' lang='grc' dir='ltr'>σου</span> <span class='ocrx_word' id='word_1_150' title='bbox 1583 2897 2082 2972; x_wconf 80' lang='grc' dir='ltr'><strong><em>κατατετίληκέν</em></strong></span> <span class='ocrx_word' id='word_1_151' title='bbox 2130 2897 2373 2962; x_wconf 87' lang='grc' dir='ltr'><strong><em>ποθεν</em></strong></span> <span class='ocrx_word' id='word_1_152' title='bbox 2388 2918 2405 2976; x_wconf 84' lang='grc'><strong>;</strong></span> 
     </span>
     <span class='ocr_line' id='line_1_23' title="bbox 935 3002 2377 3085; baseline -0.003 -16"><span class='ocrx_word' id='word_1_153' title='bbox 935 3002 1035 3069; x_wconf 91' lang='lat' dir='ltr'>Bl.</span> <span class='ocrx_word' id='word_1_154' title='bbox 1081 3003 1165 3069; x_wconf 81' lang='grc' dir='ltr'>οὔ</span> <span class='ocrx_word' id='word_1_155' title='bbox 1182 3028 1253 3085; x_wconf 88' lang='grc' dir='ltr'>κ,</span> <span class='ocrx_word' id='word_1_156' title='bbox 1307 3003 1484 3067; x_wconf 71' lang='grc' dir='ltr'><strong><em>ἀλλὰ</em></strong></span> <span class='ocrx_word' id='word_1_157' title='bbox 1530 3010 1643 3076; x_wconf 75' lang='grc' dir='ltr'><strong><em>τῆς</em></strong></span> <span class='ocrx_word' id='word_1_158' title='bbox 1692 3002 1985 3079; x_wconf 74' lang='grc' dir='ltr'><strong><em>γυναικὸς</em></strong></span> <span class='ocrx_word' id='word_1_159' title='bbox 2035 3002 2377 3079; x_wconf 75' lang='grc' dir='ltr'><strong><em>ἐξελήλυθα</em></strong></span> 
     </span>
    </p>

    <p class='ocr_par' dir='ltr' id='par_1_9' title="bbox 632 3098 3022 3725">
     <span class='ocr_line' id='line_1_24' title="bbox 1086 3098 2521 3190; baseline -0.001 -17"><span class='ocrx_word' id='word_1_160' title='bbox 1086 3109 1155 3173; x_wconf 79' lang='grc' dir='ltr'>τὸ</span> <span class='ocrx_word' id='word_1_161' title='bbox 1201 3098 1593 3187; x_wconf 54' lang='grc' dir='ltr'><strong><em>κροκωτίδιον</em></strong></span> <span class='ocrx_word' id='word_1_162' title='bbox 1616 3108 2135 3190; x_wconf 74' lang='grc' dir='ltr'><strong><em>ἀμπισχόμενος,</em></strong></span> <span class='ocrx_word' id='word_1_163' title='bbox 2185 3109 2521 3173; x_wconf 82' lang='grc' dir='ltr'><strong><em>οὑνδύεται.</em></strong></span> 
     </span>
     <span class='ocr_line' id='line_1_25' title="bbox 634 3198 3019 3299; baseline -0.003 -15"><span class='ocrx_word' id='word_1_164' title='bbox 634 3218 838 3284; x_wconf 83' lang='lat' dir='ltr'>Sensu</span> <span class='ocrx_word' id='word_1_165' title='bbox 884 3198 1136 3283; x_wconf 83' lang='lat' dir='ltr'>cassum</span> <span class='ocrx_word' id='word_1_166' title='bbox 1183 3221 1279 3281; x_wconf 89' lang='lat' dir='ltr'>est</span> <span class='ocrx_word' id='word_1_167' title='bbox 1330 3217 1505 3279; x_wconf 82' lang='grc' dir='ltr'><strong><em>ποθεν</em></strong></span> <span class='ocrx_word' id='word_1_168' title='bbox 1553 3216 1643 3279; x_wconf 92' lang='lat' dir='ltr'>sic</span> <span class='ocrx_word' id='word_1_169' title='bbox 1690 3215 1998 3299; x_wconf 90' lang='lat' dir='ltr'>positum.</span> <span class='ocrx_word' id='word_1_170' title='bbox 2047 3212 2443 3279; x_wconf 81' lang='lat' dir='ltr'>Emendandi</span> <span class='ocrx_word' id='word_1_171' title='bbox 2487 3215 2665 3278; x_wconf 83' lang='lat' dir='ltr'>viam</span> <span class='ocrx_word' id='word_1_172' title='bbox 2704 3216 3019 3278; x_wconf 87' lang='lat' dir='ltr'>monstrat</span> 
     </span>
     <span class='ocr_line' id='line_1_26' title="bbox 634 3319 3019 3409; baseline -0.003 -21"><span class='ocrx_word' id='word_1_173' title='bbox 634 3326 917 3409; x_wconf 88' lang='lat' dir='ltr'>optimus</span> <span class='ocrx_word' id='word_1_174' title='bbox 962 3321 1157 3387; x_wconf 85' lang='lat' dir='ltr'>codex</span> <span class='ocrx_word' id='word_1_175' title='bbox 1206 3321 1571 3397; x_wconf 84' lang='lat' dir='ltr'>Ravennas,</span> <span class='ocrx_word' id='word_1_176' title='bbox 1622 3322 1693 3384; x_wconf 93' lang='lat' dir='ltr'>in</span> <span class='ocrx_word' id='word_1_177' title='bbox 1741 3341 1865 3404; x_wconf 89' lang='lat' dir='ltr'>quo</span> <span class='ocrx_word' id='word_1_178' title='bbox 1910 3321 2089 3384; x_wconf 83' lang='grc' dir='ltr'><strong><em>πόθεν</em></strong></span> <span class='ocrx_word' id='word_1_179' title='bbox 2136 3321 2449 3404; x_wconf 88' lang='lat' dir='ltr'>scriptum</span> <span class='ocrx_word' id='word_1_180' title='bbox 2488 3323 2616 3395; x_wconf 90' lang='lat' dir='ltr'>est,</span> <span class='ocrx_word' id='word_1_181' title='bbox 2659 3319 3019 3383; x_wconf 87' lang='lat' dir='ltr'>rectissime</span> 
     </span>
     <span class='ocr_line' id='line_1_27' title="bbox 632 3422 3015 3511; baseline -0.002 -18"><span class='ocrx_word' id='word_1_182' title='bbox 632 3429 954 3493; x_wconf 87' lang='lat' dir='ltr'>tributum</span> <span class='ocrx_word' id='word_1_183' title='bbox 1021 3426 1448 3511; x_wconf 89' lang='lat' dir='ltr'>Blepsidemo.</span> <span class='ocrx_word' id='word_1_184' title='bbox 1522 3424 1685 3490; x_wconf 81' lang='lat' dir='ltr'>Eius</span> <span class='ocrx_word' id='word_1_185' title='bbox 1754 3424 2075 3511; x_wconf 84' lang='lat' dir='ltr'>glossema</span> <span class='ocrx_word' id='word_1_186' title='bbox 2139 3430 2238 3490; x_wconf 90' lang='lat' dir='ltr'>est</span> <span class='ocrx_word' id='word_1_187' title='bbox 2305 3444 2573 3508; x_wconf 86' lang='lat' dir='ltr'>sequens</span> <span class='ocrx_word' id='word_1_188' title='bbox 2642 3422 2749 3488; x_wconf 83' lang='grc' dir='ltr'>οὔκ</span> <span class='ocrx_word' id='word_1_189' title='bbox 2767 3472 2785 3501; x_wconf 88' lang='grc'><em>,</em></span> <span class='ocrx_word' id='word_1_190' title='bbox 2865 3444 3015 3489; x_wconf 86' lang='lat' dir='ltr'>nam</span> 
     </span>
     <span class='ocr_line' id='line_1_28' title="bbox 635 3527 3022 3618; baseline -0.001 -21"><span class='ocrx_word' id='word_1_191' title='bbox 635 3535 847 3610; x_wconf 72' lang='grc' dir='ltr'><strong><em>πόθενς</em></strong></span> <span class='ocrx_word' id='word_1_192' title='bbox 898 3539 995 3598; x_wconf 86' lang='lat' dir='ltr'>est</span> <span class='ocrx_word' id='word_1_193' title='bbox 1039 3553 1190 3598; x_wconf 92' lang='lat' dir='ltr'>cum</span> <span class='ocrx_word' id='word_1_194' title='bbox 1234 3532 1678 3618; x_wconf 84' lang='lat' dir='ltr'>indignatione</span> <span class='ocrx_word' id='word_1_195' title='bbox 1723 3533 2041 3616; x_wconf 85' lang='lat' dir='ltr'>negantis.</span> <span class='ocrx_word' id='word_1_196' title='bbox 2106 3529 2334 3597; x_wconf 90' lang='lat' dir='ltr'>Deleto</span> <span class='ocrx_word' id='word_1_197' title='bbox 2381 3532 2589 3617; x_wconf 86' lang='lat' dir='ltr'>igitur</span> <span class='ocrx_word' id='word_1_198' title='bbox 2632 3527 3022 3616; x_wconf 85' lang='lat' dir='ltr'>glossemate</span> 
     </span>
     <span class='ocr_line' id='line_1_29' title="bbox 637 3633 2958 3725; baseline -0.003 -19"><span class='ocrx_word' id='word_1_199' title='bbox 637 3641 931 3725; x_wconf 84' lang='lat' dir='ltr'>corrigo:</span> <span class='ocrx_word' id='word_1_200' title='bbox 1214 3633 1221 3639; x_wconf 76' lang='grc'><strong><em>’</em></strong></span> <span class='ocrx_word' id='word_1_201' title='bbox 2947 3644 2958 3660; x_wconf 81' lang='lat'>’</span> 
     </span>
    </p>

    <p class='ocr_par' dir='ltr' id='par_1_10' title="bbox 1089 3738 2698 3826">
     <span class='ocr_line' id='line_1_30' title="bbox 1089 3738 2698 3826; baseline -0.002 -20"><span class='ocrx_word' id='word_1_202' title='bbox 1089 3741 1380 3817; x_wconf 87' lang='grc' dir='ltr'><strong><em>Κινησίας</em></strong></span> <span class='ocrx_word' id='word_1_203' title='bbox 1430 3765 1535 3805; x_wconf 89' lang='grc' dir='ltr'>σου</span> <span class='ocrx_word' id='word_1_204' title='bbox 1584 3741 2113 3818; x_wconf 85' lang='grc' dir='ltr'><strong><em>κατατετίληκεν;</em></strong></span> <span class='ocrx_word' id='word_1_205' title='bbox 2167 3738 2376 3826; x_wconf 73' lang='lat' dir='ltr'>BlepS.</span> <span class='ocrx_word' id='word_1_206' title='bbox 2427 3740 2664 3805; x_wconf 82' lang='grc' dir='ltr'><strong><em>πόθεν</em></strong></span> <span class='ocrx_word' id='word_1_207' title='bbox 2681 3761 2698 3819; x_wconf 88' lang='grc'><strong>;</strong></span> 
     </span>
    </p>

    <p class='ocr_par' dir='ltr' id='par_1_11' title="bbox 1090 3844 2588 3926">
     <span class='ocr_line' id='line_1_31' title="bbox 1090 3844 2588 3926; baseline -0.002 -13"><span class='ocrx_word' id='word_1_208' title='bbox 1090 3851 1240 3913; x_wconf 75' lang='grc' dir='ltr'><strong><em>αλλ’</em></strong></span> <span class='ocrx_word' id='word_1_209' title='bbox 1290 3844 1485 3926; x_wconf 81' lang='grc' dir='ltr'><strong><em>(ὦδε,</em></strong></span> <span class='ocrx_word' id='word_1_210' title='bbox 1534 3848 1695 3926; x_wconf 76' lang='lat' dir='ltr'>huc&gt;</span> <span class='ocrx_word' id='word_1_211' title='bbox 1744 3854 1857 3922; x_wconf 77' lang='grc' dir='ltr'><strong><em>τῆς</em></strong></span> <span class='ocrx_word' id='word_1_212' title='bbox 1907 3845 2197 3922; x_wconf 72' lang='grc' dir='ltr'><strong><em>γυναικὸς</em></strong></span> <span class='ocrx_word' id='word_1_213' title='bbox 2246 3844 2588 3921; x_wconf 76' lang='grc' dir='ltr'><strong><em>ἐξελήλυθα</em></strong></span> 
     </span>
    </p>

    <p class='ocr_par' dir='ltr' id='par_1_12' title="bbox 1088 3950 2552 4031">
     <span class='ocr_line' id='line_1_32' title="bbox 1088 3950 2552 4031; baseline -0.002 -14"><span class='ocrx_word' id='word_1_214' title='bbox 1088 3955 1157 4019; x_wconf 85' lang='grc' dir='ltr'>τὸ</span> <span class='ocrx_word' id='word_1_215' title='bbox 1207 3950 1576 4031; x_wconf 75' lang='grc' dir='ltr'><strong><em>κροκωτίδιον</em></strong></span> <span class='ocrx_word' id='word_1_216' title='bbox 1626 3951 2106 4030; x_wconf 68' lang='grc' dir='ltr'><strong><em>ἀμπισχόμενος</em></strong></span> <span class='ocrx_word' id='word_1_217' title='bbox 2121 3998 2138 4028; x_wconf 86' lang='grc'><strong><em>,</em></strong></span> <span class='ocrx_word' id='word_1_218' title='bbox 2189 3950 2552 4016; x_wconf 82' lang='grc' dir='ltr'><strong><em>οὑνδύνεται.</em></strong></span> 
     </span>
    </p>
   </div>
   <div class='ocr_carea' id='block_1_7' title="bbox 727 4145 2704 4547">
    <p class='ocr_par' dir='ltr' id='par_1_13' title="bbox 727 4145 2704 4547">
     <span class='ocr_line' id='line_1_33' title="bbox 727 4145 2666 4229; baseline -0.005 -11"><span class='ocrx_word' id='word_1_219' title='bbox 727 4152 836 4218; x_wconf 87' lang='lat' dir='ltr'>Vs.</span> <span class='ocrx_word' id='word_1_220' title='bbox 886 4149 1038 4216; x_wconf 87' lang='grc'><strong>506.</strong></span> <span class='ocrx_word' id='word_1_221' title='bbox 1087 4152 1237 4214; x_wconf 74' lang='grc' dir='ltr'><strong><em>αλλ’</em></strong></span> <span class='ocrx_word' id='word_1_222' title='bbox 1284 4152 1363 4222; x_wconf 80' lang='grc' dir='ltr'><strong><em>ὥς</em></strong></span> <span class='ocrx_word' id='word_1_223' title='bbox 1412 4147 1702 4229; x_wconf 71' lang='grc' dir='ltr'><strong><em>τάχιστα</em></strong></span> <span class='ocrx_word' id='word_1_224' title='bbox 1720 4196 1738 4225; x_wconf 89' lang='grc'><strong><em>,</em></strong></span> <span class='ocrx_word' id='word_1_225' title='bbox 1790 4148 1925 4227; x_wconf 90' lang='grc' dir='ltr'><strong><em>πρίν</em></strong></span> <span class='ocrx_word' id='word_1_226' title='bbox 1973 4149 2084 4212; x_wconf 87' lang='grc' dir='ltr'><strong><em>τιν’</em></strong></span> <span class='ocrx_word' id='word_1_227' title='bbox 2135 4148 2451 4226; x_wconf 70' lang='grc' dir='ltr'><strong><em>ἀνθρώπων</em></strong></span> <span class='ocrx_word' id='word_1_228' title='bbox 2501 4145 2666 4224; x_wconf 78' lang='grc' dir='ltr'><strong><em>ἰδεῖν,</em></strong></span> 
     </span>
     <span class='ocr_line' id='line_1_34' title="bbox 1090 4251 2488 4336; baseline -0.003 -17"><span class='ocrx_word' id='word_1_229' title='bbox 1090 4259 1361 4336; x_wconf 80' lang='grc' dir='ltr'><strong><em>ῥιπτεῖτε</em></strong></span> <span class='ocrx_word' id='word_1_230' title='bbox 1408 4253 1690 4334; x_wconf 79' lang='grc' dir='ltr'><strong><em>χλαίνας</em></strong></span> <span class='ocrx_word' id='word_1_231' title='bbox 1709 4301 1726 4331; x_wconf 86' lang='grc'><strong><em>,</em></strong></span> <span class='ocrx_word' id='word_1_232' title='bbox 1778 4251 1991 4330; x_wconf 71' lang='grc' dir='ltr'><strong><em>ἐμβὰς</em></strong></span> <span class='ocrx_word' id='word_1_233' title='bbox 2040 4251 2298 4316; x_wconf 76' lang='grc' dir='ltr'><strong><em>ἐκποδὼν</em></strong></span> <span class='ocrx_word' id='word_1_234' title='bbox 2347 4252 2453 4315; x_wconf 80' lang='grc' dir='ltr'><strong><em>ίτω</em></strong></span> <span class='ocrx_word' id='word_1_235' title='bbox 2471 4300 2488 4330; x_wconf 86' lang='grc'><strong><em>,</em></strong></span> 
     </span>
     <span class='ocr_line' id='line_1_35' title="bbox 1089 4358 2704 4442; baseline -0.002 -18"><span class='ocrx_word' id='word_1_236' title='bbox 1089 4358 1337 4442; x_wconf 76' lang='grc' dir='ltr'>χᾶμα</span> <span class='ocrx_word' id='word_1_237' title='bbox 1385 4359 1852 4431; x_wconf 79' lang='grc' dir='ltr'><strong><em>συναπτοὺς</em></strong></span> <span class='ocrx_word' id='word_1_238' title='bbox 1902 4360 2136 4432; x_wconf 77' lang='grc' dir='ltr'><strong><em>ἡνίας</em></strong></span> <span class='ocrx_word' id='word_1_239' title='bbox 2182 4358 2704 4434; x_wconf 68' lang='grc' dir='ltr'><strong><em>Λακωνικὰς,</em></strong></span> 
     </span>
     <span class='ocr_line' id='line_1_36' title="bbox 1087 4464 1736 4547; baseline 0 -17"><span class='ocrx_word' id='word_1_240' title='bbox 1087 4465 1440 4547; x_wconf 83' lang='grc' dir='ltr'><strong><em>βακτηρίας</em></strong></span> <span class='ocrx_word' id='word_1_241' title='bbox 1491 4464 1736 4546; x_wconf 67' lang='grc' dir='ltr'><strong><em>ὄψεσθ’.</em></strong></span> 
     </span>
    </p>
   </div>
  </div>
 </body>
</html>
