3351 5463
1104 390 1496 441 nncnnfflonn
1543 391 1972 441 nme-raama.
2595 375 2728 442 413

349 575 462 620 cur
522 553 782 620 tandem
844 555 1183 622 Pisistrato
1238 557 1309 621 id
1352 561 1686 643 acceptum
1730 557 2128 623 referamus?
2175 556 2380 625 Gauer
2423 559 2490 622 id
2537 559 2732 624 efficit

348 683 427 728 ex
492 661 1097 748 interpolationibus
1113 711 1129 740 ‚
1203 683 1363 748 quae
1430 663 1532 728 illi
1599 665 1995 730 tribuuntur.
2083 665 2209 729 Fac
2289 665 2493 730 tribui
2553 668 2730 731 iure:

348 768 504 853 quid
561 767 710 834 inde
772 767 1104 854 sequitur?
1170 769 1339 834 Nam
1404 770 1573 855 quod
1628 772 1885 855 scripsit
1929 769 2401 836 vWilamowitz
2421 819 2438 848 ,
2488 753 2544 835 si
2588 773 2734 856 quis

346 874 684 940 Pisistrato
731 895 835 940 eas
881 877 1125 941 tribuat
1141 924 1159 954 ‚
1209 912 1294 924 —
1341 876 1410 941 id
1456 877 1623 961 quod
1670 878 1811 942 iure
1857 876 1995 941 fieri
2039 875 2149 941 ille
2196 883 2392 963 negat
2411 925 2426 954 ,
2469 914 2554 927 —-
2596 877 2736 942 fieri

346 1002 471 1046 non
528 1002 714 1066 posse
775 984 924 1066 quin
992 982 1191 1047 simul
1248 985 1599 1048 recensioni
1658 983 2066 1047 Pisistrateae
2109 981 2300 1047 fidem
2349 985 2582 1048 habeat
2600 1032 2616 1063 ,
2665 983 2735 1048 id

346 1087 533 1151 nihili
602 1093 700 1152 est
765 1092 1224 1174 argumentum
1244 1137 1260 1166 ‚
1349 1089 1517 1173 quod
1586 1086 1793 1155 Gauer
1857 1109 1984 1153 non
2054 1087 2359 1152 debuerat
2424 1093 2729 1174 repetere.

349 1191 584 1272 Quidni
615 1195 788 1257 enim
827 1192 1147 1258 Pistratus
1186 1196 1399 1278 potuit
1433 1191 1784 1278 exemplari
1809 1193 2003 1258 alicui
2026 1192 2197 1277 quod
2219 1195 2280 1257 ei
2301 1199 2553 1278 praesto
2577 1199 2742 1258 esset

349 1319 574 1365 versus
635 1299 881 1383 aliquos
944 1320 981 1364 a
1041 1321 1107 1366 se
1152 1302 1467 1366 confectos
1512 1299 1831 1365 inculcare
1877 1301 1984 1365 hic
2028 1299 2166 1365 illic
2184 1348 2201 1377 ,
2247 1299 2415 1364 nihil
2460 1300 2740 1386 amplius

346 1401 661 1468 moliens?
707 1405 825 1482 At,
870 1409 1057 1491 rogat
1095 1403 1319 1483 Gauer,
1368 1407 1684 1491 quomodo
1724 1408 1861 1471 eius
1896 1406 2418 1491 interpolationes
2457 1410 2737 1493 irrepere

345 1515 693 1596 potuerunt
751 1513 822 1574 in
884 1513 1097 1576 omnia
1156 1511 1549 1598 exemplaria
1580 1513 1648 1592 ¹),
1712 1513 1904 1597 idque
1967 1513 2345 1577 brevissimo
2406 1511 2735 1598 tempore?

344 1636 495 1681 nam
542 1616 903 1681 Menesthei
946 1615 1203 1682 laudem
1251 1629 1295 1682 Β
1325 1617 1455 1684 553
1481 1639 1615 1704 sqq.
1664 1619 1967 1703 cognovit
2007 1620 2142 1682 iam
2179 1617 2548 1684 Herodotus
2572 1619 2624 1700 ²)
2669 1623 2735 1684 et

344 1723 611 1788 forsitan
695 1723 827 1786 iam
910 1720 1139 1788 Cimon
1212 1724 1702 1789 Atheniensium
1770 1725 2120 1807 imperator
2145 1720 2216 1804 ³).
2300 1723 2456 1788 Dari
2525 1729 2738 1810 potest

344 1833 561 1894 totum
630 1827 846 1892 1001110
900 1839 943 1892 Β
988 1827 1120 1894 546
1162 1850 1295 1914 0(1(1.
1316 1877 1332 1906 ,
1397 1831 1653 1893 etiamsi
1699 1849 1825 1893 non
1872 1827 1952 1892 ad
1997 1827 2413 1893 Pisistratum
2459 1830 2694 1895 referas
2714 1878 2732 1906 ‚

343 1936 484 1999 veri
546 1933 849 1999 similiter
894 1939 1111 2000 tamen
1158 1935 1237 2000 ad
1286 1937 1425 2000 eius
1470 1953 1708 2000 aevum
1753 1934 2008 2011 referri3
2057 1954 2211 1998 nam
2258 1934 2427 2019 quod
2474 1934 2729 2000 Eleusis

343 2039 449 2103 hic
512 2037 725 2104 nullas
780 2041 923 2125 agit
982 2043 1193 2124 partes
1214 2087 1229 2116 ,
1294 2038 1589 2104 credibile
1648 2044 1749 2104 est
1795 2059 1938 2104 eam
1985 2041 2317 2103 civit-atem
2336 2088 2352 2117 ‚
2403 2059 2526 2123 quo
2575 2044 2734 2104 tem-

345 2165 499 2230 pore
544 2150 761 2210 noster
807 2144 989 2210 locus
1035 2146 1358 2210 confectus
1396 2151 1519 2224 est,
1560 2165 1712 2210 cum
1753 2149 1959 2210 cetera
1997 2148 2129 2210 iam
2168 2145 2384 2209 Attica
2423 2145 2731 2211 coaluisse

345 2253 412 2318 in
468 2271 667 2316 unam
712 2271 851 2314 rem
896 2250 1226 2336 publicam
1252 2249 1324 2330 4),
1372 2252 1786 2315 recentiorem
1838 2271 1992 2336 ergo
2039 2248 2254 2315 locum
2301 2270 2434 2315 esse
2452 2298 2468 2328 ‚
2521 2249 2730 2334 qualis

344 2375 513 2420 nunc
590 2354 853 2442 legitur,
927 2376 1121 2442 quam
1182 2355 1525 2442 Hymnum
1584 2357 1652 2418 in
1717 2353 2031 2420 Cererem.
2107 2353 2233 2419 Sed
2293 2354 2478 2421 facile
2546 2354 2734 2420 intel-

344 2612 605 2682 Homerica
655 2612 833 2676 scripta
884 2626 940 2660 ex
990 2611 1129 2660 Ionia
1174 2610 1250 2660 vel
1296 2626 1353 2660 ex
1396 2611 1552 2660 insula
1599 2613 1746 2660 Creta
1789 2613 2188 2662 Lacedaemonem
2235 2611 2482 2670 attulerit,
2517 2610 2566 2660 id
2601 2613 2728 2674 quod

340 2694 519 2759 legitur
553 2693 747 2743 Heracl.
786 2694 927 2743 Pont.
962 2692 1023 2743 fr.
1060 2691 1124 2742 22
1159 2691 1331 2742 Strabo
1365 2691 1409 2741 X
1438 2693 1537 2742 482
1573 2693 1819 2743 Plutarch.
1857 2694 1966 2758 Lyc.
2003 2694 2047 2743 I.
2082 2710 2122 2742 c.
2151 2693 2200 2741 4.
2240 2693 2332 2742 Dio
2363 2693 2610 2757 chrysost.
2641 2695 2729 2744 Or.
2778 2734 2784 2741 .

339 2778 379 2828 1.
414 2777 478 2829 87
528 2775 713 2825 Aelian.
751 2775 865 2824 Ver.
903 2775 1037 2824 Hist.
1076 2775 1195 2824 XII.
1232 2775 1309 2823 14.
1359 2775 1521 2824 Huius
1567 2775 1770 2824 notitiae
1803 2779 1972 2824 auctor
2004 2791 2103 2825 esse
2140 2775 2329 2824 videtur
2360 2774 2645 2824 Aristoteles
2677 2775 2730 2825 111

341 2856 823 2909 Lacedaemoniorum
868 2856 1092 2916 civitate,
1142 2856 1277 2905 cuius
1319 2856 1579 2921 discipulus
1615 2857 1912 2906 Heraclides.
1931 2857 2041 2905 fuit.
2074 2859 2139 2905 At
2172 2857 2251 2905 vix
2285 2856 2471 2905 monitu
2508 2872 2626 2920 opus
2659 2858 2732 2903 est

340 2941 427 2989 hac
479 2940 533 2989 in
586 2955 637 2988 re
684 2939 808 2988 nihil
855 2939 1135 2988 auctoritati
1178 2939 1280 2987 eius
1323 2954 1423 2987 esse
1468 2938 1807 2997 tribuendum,
1848 2954 1956 2988 cum
1989 2942 2175 2989 constet
2206 2940 2307 2988 eius
2341 2938 2637 3005 temporibus
2673 2938 2730 2986 de

340 3024 558 3086 Lycurgo
608 3020 737 3070 inter
782 3023 989 3071 Graecos
1034 3020 1157 3070 nihil
1193 3020 1397 3084 amplius
1431 3025 1599 3070 notum
1635 3022 1781 3071 fuisse
1818 3037 1962 3085 quam
1999 3022 2271 3070 etiamnunc
2307 3020 2441 3069 nobis
2477 3036 2535 3070 ex
2570 3021 2730 3069 Hero-

339 3106 453 3154 doto
505 3107 648 3166 atque
702 3118 759 3151 ex
806 3102 934 3153 (11000
984 3102 1118 3151 Eleio
1162 3116 1443 3164 cognoscere
1485 3102 1621 3162 licet,
1669 3102 2077 3151 verisimillimum
2125 3106 2286 3151 autem
2323 3103 2387 3151 sit
2420 3103 2470 3151 id
2505 3101 2729 3153 fictitium

339 3202 452 3235 esse.
502 3186 638 3250 Quae
683 3186 843 3234 autem
891 3185 947 3232 de
980 3185 1199 3248 Lycurgo
1245 3183 1398 3232 tradit
1440 3184 1724 3233 Aristoteles
1769 3184 1976 3233 Homeri
2009 3184 2222 3233 studioso
2256 3184 2367 3232 inde
2401 3199 2457 3232 ea
2489 3183 2728 3232 derivasse

340 3266 483 3317 illum
528 3265 790 3315 verisimile
835 3268 933 3319 est.
979 3266 1106 3328 quod
1152 3280 1386 3328 nusquam
1432 3265 1483 3313 in
1529 3266 1732 3314 Graecia
1777 3266 1909 3329 prius
1953 3281 2093 3328 quam
2139 3265 2479 3313 Lacedaemoni
2515 3265 2726 3313 extitisse

326 3349 621 3398 riderentur
666 3351 833 3412 poetae
868 3346 952 3410 qui
987 3346 1087 3395 eius
1123 3346 1288 3410 poesin
1322 3347 1562 3409 cognitam
1597 3346 1841 3395 haberent.
1890 3349 1955 3394 At
1991 3346 2031 3395 si
2067 3346 2260 3395 aliunde
2295 3349 2561 3405 constaret,
2600 3344 2726 3408 quod

338 3435 500 3480 tamen
553 3429 749 3478 minime
802 3431 1019 3477 constare
1071 3428 1527 3486 demonstravimus,
1578 3428 1629 3476 in
1682 3428 1845 3477 Attica
1895 3428 2106 3492 primum
2157 3427 2336 3491 scripto
2369 3428 2594 3475 mandata
2628 3442 2726 3475 esse

341 3512 557 3561 carmina
591 3511 878 3570 Homerica,
913 3510 1047 3560 nullo
1084 3511 1224 3559 modo
1259 3514 1533 3559 vetaremur
1565 3525 1754 3559 sumere
1781 3510 1986 3558 Homeri
2011 3510 2121 3557 inde
2149 3508 2470 3573 cognitionem
2496 3507 2725 3572 accepisse

336 3593 451 3643 illos
484 3609 688 3657 quoque.
958 3635 963 3639 .

409 3678 461 3738 1)
508 3675 874 3725 VWilamowitz
925 3675 1015 3723 hoc
1060 3689 1248 3738 quoque
1296 3676 1436 3737 rogat
1482 3674 1552 3723 1.1.
1599 3691 1643 3739 p.
1684 3675 1797 3733 240,
1847 3675 1930 3738 qui
1965 3674 2069 3722 fieri
2102 3673 2317 3738 potuerit
2351 3677 2406 3722 ut
2443 3672 2724 3721 Pisistratus

335 3760 613 3807 crederetur
646 3757 957 3821 interpolasse
990 3756 1060 3805 ita
1096 3760 1149 3805 nt
1184 3756 1286 3805 eius
1320 3754 1717 3820 interpolationes
1753 3757 1804 3804 in
1833 3755 2052 3804 omnibus
2082 3752 2428 3819 exemplaribus
2456 3753 2727 3818 prodirent,

337 3840 432 3889 0101
468 3843 741 3888 censeretur
772 3838 1073 3887 constituisse
1106 3840 1311 3887 textum.
1345 3839 1411 3885 At
1446 3852 1505 3885 00
1538 3836 1589 3886 1(1
1617 3837 1812 3901 quidem
1837 3839 2038 3894 constat,
2070 3852 2126 3884 ea
2157 3838 2218 3885 de
2251 3852 2304 3885 re
2331 3835 2596 3898 cogitatum
2625 3850 2726 3883 esse

336 3921 396 3971 ab
431 3922 641 3984 antiquis
674 3921 757 3984 qui
790 3920 1041 3969 crederent
1072 3935 1181 3970 eum
1209 3920 1549 3983 interpolasse;
1578 3920 1619 3967 01
1647 3919 1732 3982 qui
1758 3922 1917 3967 antem
1945 3919 2234 3981 cogitarunt,
2261 3933 2348 3967 001·
2375 3933 2471 3966 000
2500 3919 2724 3981 poterant

337 4001 567 4051 arbitrari
602 4003 701 4051 eius
737 4000 1074 4051 auctoritatem
1108 4004 1294 4050 tantam
1328 3999 1473 4050 fuisse
1509 4004 1560 4049 ut
1598 4015 1699 4049 ems
1731 3999 2128 4063 interpolationes
2162 4014 2273 4049 mox
2300 3999 2350 4047 iu
2380 3998 2540 4047 omnia
2567 4013 2721 4047 exem·

335 4084 493 4149 1110110
526 4084 686 4134 Attica
718 4084 1060 4149 reciperentur.

405 4168 461 4228 2)
499 4167 611 4216 vn.
647 4167 758 4215 161.

406 4249 463 4313 3)
496 4248 663 4298 Aesch.
698 4248 781 4297 111
817 4247 972 4309 5183.
1009 4247 1072 4295 18
1108 4246 1243 4295 Plut.
1279 4246 1402 4295 Cim.
1436 4246 1482 4298 ¹1.

402 4333 464 4396 4)
501 4332 669 4393 Neque
720 4334 883 4377 tamen
934 4343 1011 4376 res
1060 4328 1328 4377 certissima
1376 4330 1462 4377 est.
1520 4329 1648 4376 Nam
1694 4328 1840 4377 etiam
1875 4331 2128 4394 propterea
2163 4328 2326 4377 omitti
2359 4326 2521 4392 potnit
2552 4326 2722 4375 civitas

334 4412 579 4462 Eleusinia
622 4412 750 4475 quod
798 4411 900 4459 eius
944 4410 1073 4459 cives
1107 4425 1342 4473 nusquam
1375 4413 1868 4458 commemorarentur
1901 4411 1952 4458 in
1987 4410 2183 4477 proeliis
2217 4411 2440 4460 adversus
2475 4409 2722 4459 Troianos.

334 4495 410 4546 cf.
444 4494 649 4545 similem
686 4494 1000 4559 Megarorum
1034 4507 1222 4541 causam
1256 4507 1402 4558 supra
1435 4508 1479 4560 p.
1518 4490 1617 4543 407
1652 4491 1706 4543 111
1740 4507 1850 4541 ann.
1891 4492 1938 4541 2.
