3351 5463
1135 364 1224 415 1111
1250 364 1419 451 'runs
1464 362 1753 415 nonme.
2505 346 2634 414 169

1332 592 1568 656 LXIX.

658 794 743 841 DE
790 791 1231 841 CLANDBSTINA
1278 792 1695 841 POSSESSIONR
1742 794 2228 841 RROUPRRANDA.

346 974 586 1061 Magna
653 974 735 1038 lis
798 980 925 1051 est,
998 976 1163 1037 sitne
1225 974 1642 1038 interdictum
1706 975 2166 1060 recuperandae
2229 974 2640 1059 possessionis

267 1080 679 1151 clandestinae
698 1129 713 1157 ,
779 1100 975 1166 quam
1034 1102 1159 1144 non
1208 1080 1590 1144 haberemus
1608 1129 1624 1157 ,
1677 1081 1804 1144 nisi
1847 1102 1926 1145 ex
1974 1080 2209 1145 Iuliani
2256 1085 2642 1145 commenta-

266 1188 367 1250 riis
426 1186 743 1271 Ulpianus
805 1184 1167 1251 retulisset:
1239 1188 1315 1249 de
1382 1186 1762 1249 clandestina
1819 1186 2192 1268 possessione
2259 1187 2640 1251 interdictam

265 1299 571 1373 competere
616 1291 687 1370 (1.
732 1288 769 1357 ¹7
821 1290 921 1376 §5
974 1290 1052 1355 D.
1109 1289 1211 1355 10.
1243 1290 1329 1371 3).
1381 1291 1566 1356 Nunc
1614 1294 1861 1356 mirum
1899 1298 2028 1369 est,
2083 1292 2409 1357 interdicti
2455 1292 2643 1357 Iulia-

262 1418 409 1461 num
473 1404 801 1462 auctorem
863 1395 1144 1462 laudari:
1196 1402 1557 1482 praetorem
1602 1400 2088 1483 expectavisses.
2137 1397 2309 1461 Hinc
2358 1397 2559 1462 Witte
2587 1396 2642 1482 ¹)

263 1505 611 1589 suspicatus
680 1509 813 1579 est,
878 1501 1045 1567 illud
1099 1502 1517 1567 interdictum
1565 1505 1639 1566 de
1685 1503 2062 1566 clandestina
2095 1504 2472 1584 possessione
2516 1524 2639 1566 non

262 1631 385 1674 esse
436 1612 771 1695 proprium
817 1609 1234 1673 interdictum
1297 1612 1775 1673 restitutorium
1793 1658 1808 1686 ‚
1859 1609 1967 1673 sed
2015 1609 2409 1695 ordinarium
2453 1611 2646 1672 inter-

259 1714 498 1779 dictum
543 1714 909 1779 retinendae
954 1716 1365 1799 possessionis
1385 1763 1400 1791 ,
1452 1715 1624 1799 quod
1671 1736 1800 1779 non
1845 1717 2057 1800 magis
2103 1718 2357 1779 iustum
2403 1734 2646 1800 posses—

261 1841 463 1885 sorem
506 1825 783 1897 tueatur,
834 1840 1031 1904 quam
1062 1822 1399 1884 iniustum
1446 1826 1777 1905 oppugnet
1824 1821 1928 1899 (cf.
1972 1818 2016 1885 1.
2052 1820 2085 1884 1
2129 1819 2230 1904 §4
2267 1819 2480 1888 D..43.
2513 1818 2645 1900 1¹7),

261 1926 516 2009 proinde
578 1926 929 1989 retinendae
990 1925 1252 2010 quidem
1313 1928 1727 2010 possessionis
1775 1926 2041 2002 dicatur,
2097 1928 2182 1989 sit
2226 1931 2444 1990 autem
2491 1931 2646 1990 tunc

261 2032 729 2113 recuperandae,
798 2052 1001 2116 quum
1044 2033 1327 2095 iniustus
1376 2051 1701 2114 possessor
1745 2033 1813 2094 in
1860 2033 2252 2115 possessione
2299 2034 2403 2095 sit.
2469 2030 2640 2110 Quae

262 2139 567 2201 sententia
585 2184 604 2213 ,
652 2142 967 2221 quantum
1012 2137 1091 2201 ad
1129 2136 1457 2201 interdicti
1495 2137 1905 2222 prohibitor-ii
1940 2141 2236 2201 naturam
2254 2185 2271 2214 ,
2312 2137 2479 2200 mihi
2517 2157 2645 2200 non

266 2242 555 2327 displicet
575 2291 592 2320 ,
654 2264 797 2307 nam
874 2248 1120 2308 constat
1188 2244 1467 2306 utrubi
1534 2243 1953 2308 interdictum
1970 2292 1987 2321 ,
2059 2244 2211 2308 licet
2281 2244 2644 2324 retinendae

261 2347 477 2412 audiat
496 2396 513 2424 ,
564 2352 717 2411 tunc
765 2352 934 2412 certo
982 2369 1117 2413 esse
1164 2347 1625 2434 recuperandae
1672 2351 2086 2434 possessionis
2106 2398 2122 2425 ,
2173 2351 2227 2412 si
2275 2350 2456 2433 apud·
2492 2370 2645 2413 eum

260 2456 373 2530 sit,
430 2455 544 2537 qui
592 2456 837 2518 minore
883 2459 1064 2538 parte
1112 2457 1251 2518 eius
1298 2457 1446 2518 anni
1493 2454 1845 2539 possederit
1893 2452 2062 2534 (Gai.
2102 2453 2189 2517 IV
2232 2453 2472 2539 §150).
2521 2454 2646 2519 Sed

257 2557 408 2623 alias
458 2558 726 2635 dicetur,
777 2580 892 2623 cur
929 2558 1315 2645 generaliter
1359 2558 1606 2644 placeat
1623 2607 1640 2637 ,
1690 2560 2046 2624 interdictis
2095 2560 2457 2624 retinendae
2503 2580 2649 2645 pose

258 2666 553 2729 sessionis
598 2666 737 2729 vim
782 2666 987 2728 inesse
1024 2665 1442 2750 recuperandi
1459 2714 1475 2744 ‚
1516 2686 1667 2729 nam
1709 2664 1876 2728 nihil
1913 2665 1981 2729 id
2017 2648 2334 2752 pertinere
2372 2668 2645 2731 arbitror

258 2771 331 2834 ad
392 2771 634 2836 horum
692 2773 1328 2856 interpretationem:
1392 2772 1679 2834 Iulianus
1739 2772 1950 2834 scribit
1960 2820 1982 2854 2
2046 2773 2102 2834 si
2143 2773 2300 2834 alter
2343 2792 2641 2854 possessor

246 2883 529 2956 provocet
586 2875 692 2955 (ad
736 2875 1053 2941 iudicium
1102 2877 1530 2956 divisorium),
1594 2878 1754 2940 alter
1813 2877 1980 2940 dieat
2026 2900 2154 2940 enm
2198 2878 2262 2940 vi
2295 2878 2606 2958 possidere
2624 2921 2641 2954 ,

257 3005 369 3044 non
411 2983 623 3045 debere
657 2983 767 3044 hoo
804 2982 1097 3045 indicium
1136 2982 1311 3060 dari,
1354 3005 1429 3046 ne
1460 2989 1601 3063 post
1639 3005 1860 3044 annum
1905 2982 2142 3066 quidem
2161 3031 2176 3059 ,
2227 2982 2371 3067 quia
2401 2982 2646 3064 placuit

259 3086 433 3149 etiam
443 3094 594 3170 post
616 3109 835 3151 annum
856 3087 923 3150 in
948 3110 1076 3151 eum
1099 3088 1290 3172 quivi
1314 3088 1540 3152 deiecit
1564 3086 1632 3167 (l.
1647 3088 1950 3169 possidet)
1974 3087 2358 3151 interdictum
2380 3089 2556 3151 reddi
2573 3087 2642 3166 ⁵²).

255 3191 477 3277 Itaque
520 3195 577 3256 si
615 3193 776 3257 alter
812 3213 1134 3278 possessor
1170 3195 1499 3259 communi
1539 3193 1888 3258 dividundo
1929 3191 2093 3257 alter
2113 3193 2452 3258 interdicto
2477 3193 2643 3258 unde

256 3299 323 3363 vi
384 3319 579 3384 agere
641 3299 957 3382 postulet,
1023 3301 1175 3364 huic
1217 3321 1357 3364 mos
1406 3303 1667 3386 geretur
1716 3320 1752 3364 a
1798 3305 2124 3383 praetore,
2174 3301 2286 3382 qui
2332 3298 2508 3362 dabit
2553 3300 2647 3362 in-

257 3405 604 3470 terdictum
623 3453 639 3482 ,
688 3405 1030 3491 denegabit
1077 3404 1421 3470 formulam
1450 3399 1518 3482 ³),
1569 3407 1720 3490 quia
1766 3404 1982 3468 incerti
2028 3406 2186 3468 iuris
2231 3427 2350 3468 non
2388 3411 2475 3468 est
2513 3410 2646 3468 orta

248 3511 653 3594 proprietatis
716 3519 773 3574 et
819 3512 1218 3592 possessionis
1280 3513 1389 3574 lite
1434 3513 1620 3594 prius
1668 3511 2067 3594 possessionis
2132 3511 2333 3574 decidi
2378 3517 2644 3592 oportere

258 3617 655 3701 quaestionem
716 3622 794 3695 (c.
846 3615 885 3680 3
927 3615 998 3684 C.
1049 3615 1228 3704 8.,1),
1292 3620 1570 3682 vertitur
1633 3623 1853 3682 autem
1912 3619 1979 3680 in
2042 3617 2343 3681 divisorio
2402 3616 2642 3680 iudicio

256 3725 671 3809 proprietatis
733 3724 1019 3807 quaestio
1045 3723 1119 3805 ⁴).
1183 3722 1291 3788 Sic
1319 3728 1323 3732 '
1352 3722 1577 3787 deinde
1636 3723 1853 3809 pergit
1912 3719 2439 3787 iurisconsultus:
2488 3727 2547 3784 et
2589 3719 2644 3783 si

320 3979 375 4047 1)
411 3981 525 4032 Das
572 3977 748 4031 interd.
798 3980 871 4033 uti
918 3982 1097 4049 possid.
1142 3982 1311 4046 (1863)
1347 4002 1395 4050 p.
1433 3978 1522 4037 73:
1566 3980 1645 4034 uin
1678 3983 1785 4034 dem
1811 3993 1958 4049 μέρεα
1991 3981 2081 4032 den
2117 3970 2393 4030 heimziohen
2426 3976 2648 4030 Besitzer

250 4065 506 4127 yeyebenen
543 4065 822 4114 Interdilcte
854 4063 1051 4130 (finden
1084 4067 1192 4129 wir)
1228 4068 1315 4116 das
1349 4068 1752 4130 recuperatorisoh
1777 4067 2011 4117 wirkende
2038 4065 2213 4113 interd.
2247 4060 2320 4112 uti
2348 4059 2653 4127 possidetis'’.

322 4149 371 4207 2)
406 4148 484 4196 Cf.
534 4146 570 4194 1.
617 4161 690 4210 pr.
735 4149 790 4195 D.
826 4149 907 4196 43.
930 4148 992 4196 16
1003 4168 1017 4206 ;
1070 4163 1111 4196 o.
1146 4149 1195 4204 2,
1233 4164 1272 4197 c.
1311 4150 1340 4196 3
1378 4149 1430 4198 C.
1470 4151 1515 4198 8.
1534 4150 1583 4197 4.
1614 4171 1682 4184 —-
1717 4149 1777 4197 In
1810 4147 2066 4197 interdicto
2102 4147 2158 4194 de
2193 4145 2243 4195 vi
2277 4148 2464 4195 armate
2498 4149 2647 4194 cessat

256 4229 543 4295 temporalia
579 4229 791 4293 exceptio
826 4230 950 4294 (Cic.
988 4231 1048 4279 ad
1088 4231 1221 4279 Fam.
1259 4229 1363 4278 XV.
1404 4230 1465 4277 16
1502 4232 1599 4292 §33
1637 4230 1668 4278 l.
1708 4230 1738 4278 3
1776 4229 1880 4290 §12
1920 4231 1977 4280 D.
2012 4229 2094 4277 43.
2117 4228 2230 4292 16);
2265 4227 2325 4278 cf.
2355 4227 2518 4278 Ouiae.
2551 4227 2650 4276 Ob-

254 4325 371 4360 serv.
409 4311 475 4360 V.
514 4311 599 4359 20.

315 4392 368 4453 3)
404 4393 485 4442 Cf.
524 4391 559 4442 l.
597 4393 659 4443 51
697 4393 764 4454 §1
804 4393 861 4440 D.
901 4393 977 4441 10.
996 4393 1043 4450 2,
1080 4389 1163 4442 ubi
1195 4393 1368 4444 similis
1401 4393 1637 4442 deciditur
1677 4392 2020 4441 controversia.

314 4473 567 4542 4)cf.1.
606 4473 744 4535 ‘153
780 4475 841 4523 D.
877 4473 1026 4523 10.2.
