<?xml version="1.0" encoding="UTF-8"?>
<!DOCTYPE html PUBLIC "-//W3C//DTD XHTML 1.0 Transitional//EN"
    "http://www.w3.org/TR/xhtml1/DTD/xhtml1-transitional.dtd">
<html xmlns="http://www.w3.org/1999/xhtml" xml:lang="en" lang="en">
 <head>
  <title>
</title>
<meta http-equiv="Content-Type" content="text/html;charset=utf-8" />
  <meta name='ocr-system' content='tesseract 3.04.00' />
  <meta name='ocr-capabilities' content='ocr_page ocr_carea ocr_par ocr_line ocrx_word'/>
</head>
<body>
  <div class='ocr_page' id='page_1' title='image "./mnemosynevolume04verdgoog_0445.png"; bbox 0 0 3351 5463; ppageno 0'>
   <div class='ocr_carea' id='block_1_1' title="bbox 823 367 2737 442">
    <p class='ocr_par' dir='ltr' id='par_1_1' title="bbox 823 367 2737 442">
     <span class='ocr_line' id='line_1_1' title="bbox 823 367 2737 442; baseline 0 -10"><span class='ocrx_word' id='word_1_1' title='bbox 823 387 907 432; x_wconf 69' lang='lat' dir='ltr'>An</span> <span class='ocrx_word' id='word_1_2' title='bbox 956 383 1155 432; x_wconf 74' lang='lat' dir='ltr'>0Assn</span> <span class='ocrx_word' id='word_1_3' title='bbox 1199 384 1412 432; x_wconf 67' lang='lat' dir='ltr'>moins</span> <span class='ocrx_word' id='word_1_4' title='bbox 1458 384 1873 442; x_wconf 61' lang='lat' dir='ltr'>zonamque</span> <span class='ocrx_word' id='word_1_5' title='bbox 1919 383 2272 432; x_wconf 67' lang='lat' dir='ltr'>merosus.</span> <span class='ocrx_word' id='word_1_6' title='bbox 2607 367 2737 432; x_wconf 84' lang='lat'>435</span> 
     </span>
    </p>
   </div>
   <div class='ocr_carea' id='block_1_2' title="bbox 342 551 2743 1059">
    <p class='ocr_par' dir='ltr' id='par_1_2' title="bbox 342 551 2743 1059">
     <span class='ocr_line' id='line_1_2' title="bbox 342 551 2743 633; baseline -0.002 -16"><span class='ocrx_word' id='word_1_7' title='bbox 342 553 795 618; x_wconf 81' lang='lat' dir='ltr'>additamento</span> <span class='ocrx_word' id='word_1_8' title='bbox 857 570 1160 614; x_wconf 84' lang='lat' dir='ltr'>vacamus</span> <span class='ocrx_word' id='word_1_9' title='bbox 1179 598 1195 625; x_wconf 95' lang='lat'><strong><em>,</em></strong></span> <span class='ocrx_word' id='word_1_10' title='bbox 1258 569 1460 633; x_wconf 88' lang='lat' dir='ltr'>neque</span> <span class='ocrx_word' id='word_1_11' title='bbox 1521 569 1669 614; x_wconf 88' lang='lat' dir='ltr'>vero</span> <span class='ocrx_word' id='word_1_12' title='bbox 1732 551 1803 612; x_wconf 92' lang='lat' dir='ltr'>in</span> <span class='ocrx_word' id='word_1_13' title='bbox 1863 554 2072 614; x_wconf 90' lang='lat' dir='ltr'>cetera</span> <span class='ocrx_word' id='word_1_14' title='bbox 2118 551 2430 614; x_wconf 89' lang='lat' dir='ltr'>sententia</span> <span class='ocrx_word' id='word_1_15' title='bbox 2474 569 2743 612; x_wconf 89' lang='lat' dir='ltr'>manum</span> 
     </span>
     <span class='ocr_line' id='line_1_3' title="bbox 346 652 2743 744; baseline -0.003 -20"><span class='ocrx_word' id='word_1_16' title='bbox 346 657 891 744; x_wconf 80' lang='lat' dir='ltr'><strong>deprehendimus</strong></span> <span class='ocrx_word' id='word_1_17' title='bbox 954 655 1357 740; x_wconf 80' lang='lat' dir='ltr'>neglegentis</span> <span class='ocrx_word' id='word_1_18' title='bbox 1418 652 1723 740; x_wconf 70' lang='lat' dir='ltr'>eclog-arii</span> <span class='ocrx_word' id='word_1_19' title='bbox 1741 702 1759 731; x_wconf 90' lang='lat'>‚</span> <span class='ocrx_word' id='word_1_20' title='bbox 1825 657 1967 720; x_wconf 91' lang='lat' dir='ltr'>iure</span> <span class='ocrx_word' id='word_1_21' title='bbox 2028 654 2322 718; x_wconf 80' lang='lat' dir='ltr'>videmur</span> <span class='ocrx_word' id='word_1_22' title='bbox 2377 674 2743 738; x_wconf 79' lang='lat' dir='ltr'>expungere</span> 
     </span>
     <span class='ocr_line' id='line_1_4' title="bbox 342 759 2743 848; baseline -0.002 -19"><span class='ocrx_word' id='word_1_23' title='bbox 342 763 673 829; x_wconf 70' lang='lat' dir='ltr'>vocabula</span> <span class='ocrx_word' id='word_1_24' title='bbox 702 771 879 848; x_wconf 79' lang='lat' dir='ltr'>&#39;quae</span> <span class='ocrx_word' id='word_1_25' title='bbox 928 761 1369 847; x_wconf 84' lang='lat' dir='ltr'>dittographia</span> <span class='ocrx_word' id='word_1_26' title='bbox 1412 761 1686 845; x_wconf 87' lang='lat' dir='ltr'>quadam</span> <span class='ocrx_word' id='word_1_27' title='bbox 1732 765 1880 824; x_wconf 86' lang='lat' dir='ltr'>nata</span> <span class='ocrx_word' id='word_1_28' title='bbox 1926 781 2060 826; x_wconf 85' lang='lat' dir='ltr'>esse</span> <span class='ocrx_word' id='word_1_29' title='bbox 2107 760 2334 824; x_wconf 88' lang='lat' dir='ltr'>suadet</span> <span class='ocrx_word' id='word_1_30' title='bbox 2385 759 2743 825; x_wconf 78' lang='lat' dir='ltr'>similitudo</span> 
     </span>
     <span class='ocr_line' id='line_1_5' title="bbox 346 865 2743 952; baseline -0.001 -19"><span class='ocrx_word' id='word_1_31' title='bbox 346 869 727 934; x_wconf 88' lang='lat' dir='ltr'>litterarum</span> <span class='ocrx_word' id='word_1_32' title='bbox 790 868 1027 952; x_wconf 89' lang='lat' dir='ltr'>quibus</span> <span class='ocrx_word' id='word_1_33' title='bbox 1086 871 1332 931; x_wconf 88' lang='lat' dir='ltr'>constat</span> <span class='ocrx_word' id='word_1_34' title='bbox 1394 887 1659 951; x_wconf 89' lang='lat' dir='ltr'>sequens</span> <span class='ocrx_word' id='word_1_35' title='bbox 1721 866 2012 931; x_wconf 85' lang='lat' dir='ltr'>verbum.</span> <span class='ocrx_word' id='word_1_36' title='bbox 2076 865 2245 930; x_wconf 85' lang='lat' dir='ltr'>Nam</span> <span class='ocrx_word' id='word_1_37' title='bbox 2303 868 2472 931; x_wconf 87' lang='lat' dir='ltr'>inter</span> <span class='ocrx_word' id='word_1_38' title='bbox 2515 875 2743 930; x_wconf 87' lang='grc' dir='ltr'><strong>ΠΡΟΣ</strong></span> 
     </span>
     <span class='ocr_line' id='line_1_6' title="bbox 346 971 2600 1059; baseline -0.003 -18"><span class='ocrx_word' id='word_1_39' title='bbox 346 983 733 1041; x_wconf 81' lang='grc' dir='ltr'>ΕΛΤΤΩΝ</span> <span class='ocrx_word' id='word_1_40' title='bbox 782 979 846 1038; x_wconf 91' lang='lat' dir='ltr'>et</span> <span class='ocrx_word' id='word_1_41' title='bbox 894 981 1545 1038; x_wconf 80' lang='grc' dir='ltr'>ΠΡΟΣΕΠΑΙΤΕΙΝ</span> <span class='ocrx_word' id='word_1_42' title='bbox 1596 993 1744 1037; x_wconf 89' lang='lat' dir='ltr'>sane</span> <span class='ocrx_word' id='word_1_43' title='bbox 1791 993 1916 1036; x_wconf 91' lang='lat' dir='ltr'>non</span> <span class='ocrx_word' id='word_1_44' title='bbox 1963 975 2260 1059; x_wconf 53' lang='lat' dir='ltr'>nimium·</span> <span class='ocrx_word' id='word_1_45' title='bbox 2291 971 2505 1041; x_wconf 87' lang='lat' dir='ltr'>distat.</span> <span class='ocrx_word' id='word_1_46' title='bbox 2587 981 2600 992; x_wconf 85' lang='lat'><strong>‘</strong></span> 
     </span>
    </p>
   </div>
   <div class='ocr_carea' id='block_1_3' title="bbox 350 1187 2750 2323">
    <p class='ocr_par' dir='ltr' id='par_1_3' title="bbox 350 1187 2750 2323">
     <span class='ocr_line' id='line_1_7' title="bbox 451 1187 2740 1276; baseline -0.002 -19"><span class='ocrx_word' id='word_1_47' title='bbox 451 1192 673 1257; x_wconf 88' lang='lat' dir='ltr'>Zonar.</span> <span class='ocrx_word' id='word_1_48' title='bbox 739 1191 800 1256; x_wconf 88' lang='grc'>9.</span> <span class='ocrx_word' id='word_1_49' title='bbox 829 1191 960 1255; x_wconf 87' lang='grc'>3.4</span> <span class='ocrx_word' id='word_1_50' title='bbox 1023 1195 1197 1276; x_wconf 80' lang='lat' dir='ltr'>(pag.</span> <span class='ocrx_word' id='word_1_51' title='bbox 1264 1189 1417 1254; x_wconf 80' lang='grc'>229.</span> <span class='ocrx_word' id='word_1_52' title='bbox 1446 1187 1580 1271; x_wconf 85' lang='grc'>23).</span> <span class='ocrx_word' id='word_1_53' title='bbox 1657 1193 1782 1268; x_wconf 74' lang='lat' dir='ltr'>„oi</span> <span class='ocrx_word' id='word_1_54' title='bbox 1855 1190 1917 1254; x_wconf 76' lang='grc' dir='ltr'>δὲ</span> <span class='ocrx_word' id='word_1_55' title='bbox 1989 1187 2210 1254; x_wconf 79' lang='grc' dir='ltr'><strong><em>ὕπατοι</em></strong></span> <span class='ocrx_word' id='word_1_56' title='bbox 2282 1190 2566 1269; x_wconf 70' lang='grc' dir='ltr'><strong><em>Γράκχος·</em></strong></span> <span class='ocrx_word' id='word_1_57' title='bbox 2629 1190 2740 1254; x_wconf 75' lang='grc' dir='ltr'><strong><em>’καὶ</em></strong></span> 
     </span>
     <span class='ocr_line' id='line_1_8' title="bbox 354 1295 2748 1375; baseline -0 -15"><span class='ocrx_word' id='word_1_58' title='bbox 354 1296 602 1372; x_wconf 72' lang='grc' dir='ltr'><strong><em>Φάβιος</em></strong></span> <span class='ocrx_word' id='word_1_59' title='bbox 643 1295 1318 1375; x_wconf 70' lang='grc' dir='ltr'><strong><em>στρατοπεδευσάμενοι</em></strong></span> <span class='ocrx_word' id='word_1_60' title='bbox 1361 1295 1462 1359; x_wconf 90' lang='grc' dir='ltr'>τόν</span> <span class='ocrx_word' id='word_1_61' title='bbox 1505 1320 1575 1358; x_wconf 91' lang='grc' dir='ltr'>τε</span> <span class='ocrx_word' id='word_1_62' title='bbox 1615 1295 1907 1372; x_wconf 80' lang='grc' dir='ltr'><strong><em>Ἀννίβαν</em></strong></span> <span class='ocrx_word' id='word_1_63' title='bbox 1957 1296 2017 1358; x_wconf 90' lang='grc' dir='ltr'>ε’ν</span> <span class='ocrx_word' id='word_1_64' title='bbox 2063 1296 2289 1374; x_wconf 65' lang='grc' dir='ltr'><strong><em>Καπύῃ</em></strong></span> <span class='ocrx_word' id='word_1_65' title='bbox 2333 1298 2480 1358; x_wconf 84' lang='grc' dir='ltr'><strong><em>ὄντα</em></strong></span> <span class='ocrx_word' id='word_1_66' title='bbox 2532 1296 2748 1371; x_wconf 77' lang='grc' dir='ltr'><strong><em>ἐπετή-</em></strong></span> 
     </span>
     <span class='ocr_line' id='line_1_9' title="bbox 354 1397 2744 1482; baseline -0.002 -16"><span class='ocrx_word' id='word_1_67' title='bbox 354 1426 494 1482; x_wconf 86' lang='grc' dir='ltr'><strong><em>ρουν</em></strong></span> <span class='ocrx_word' id='word_1_68' title='bbox 543 1397 631 1469; x_wconf 73' lang='grc' dir='ltr'>ὅτι</span> <span class='ocrx_word' id='word_1_69' title='bbox 684 1402 943 1481; x_wconf 73' lang='grc' dir='ltr'><strong><em>πράσσει</em></strong></span> <span class='ocrx_word' id='word_1_70' title='bbox 994 1401 1095 1463; x_wconf 82' lang='grc' dir='ltr'>κα)</span> <span class='ocrx_word' id='word_1_71' title='bbox 1148 1401 1557 1475; x_wconf 66' lang='grc' dir='ltr'>διεπέμποντο</span> <span class='ocrx_word' id='word_1_72' title='bbox 1608 1400 2048 1480; x_wconf 74' lang='grc' dir='ltr'>ἑκασταχόσε,</span> <span class='ocrx_word' id='word_1_73' title='bbox 2099 1409 2336 1477; x_wconf 60' lang='grc' dir='ltr'><strong><em>τοῒςσε</em></strong></span> <span class='ocrx_word' id='word_1_74' title='bbox 2378 1404 2744 1479; x_wconf 75' lang='grc' dir='ltr'><strong><em>συμμάχοις</em></strong></span> 
     </span>
     <span class='ocr_line' id='line_1_10' title="bbox 356 1506 2746 1584; baseline -0 -13"><span class='ocrx_word' id='word_1_75' title='bbox 356 1509 673 1583; x_wconf 73' lang='grc' dir='ltr'><strong><em>ε’πήμυνον</em></strong></span> <span class='ocrx_word' id='word_1_76' title='bbox 723 1507 827 1570; x_wconf 79' lang='grc' dir='ltr'>καὶ</span> <span class='ocrx_word' id='word_1_77' title='bbox 878 1507 1020 1576; x_wconf 80' lang='grc' dir='ltr'><strong><em>τοὺς</em></strong></span> <span class='ocrx_word' id='word_1_78' title='bbox 1068 1506 1519 1583; x_wconf 68' lang='grc' dir='ltr'><strong><em>ἀφεστηκότας</em></strong></span> <span class='ocrx_word' id='word_1_79' title='bbox 1568 1507 1925 1569; x_wconf 75' lang='grc' dir='ltr'><strong><em>οέκειοῦσθαι</em></strong></span> <span class='ocrx_word' id='word_1_80' title='bbox 1979 1506 2292 1584; x_wconf 76' lang='grc' dir='ltr'><strong><em>ἐπειρῶντο</em></strong></span> <span class='ocrx_word' id='word_1_81' title='bbox 2321 1553 2338 1583; x_wconf 86' lang='grc'><strong><em>,</em></strong></span> <span class='ocrx_word' id='word_1_82' title='bbox 2384 1506 2468 1570; x_wconf 71' lang='grc' dir='ltr'><strong><em>τά</em></strong></span> <span class='ocrx_word' id='word_1_83' title='bbox 2513 1531 2584 1569; x_wconf 87' lang='grc' dir='ltr'>τε</span> <span class='ocrx_word' id='word_1_84' title='bbox 2631 1513 2746 1570; x_wconf 83' lang='grc' dir='ltr'>τῶν</span> 
     </span>
     <span class='ocr_line' id='line_1_11' title="bbox 354 1609 2750 1694; baseline -0 -19"><span class='ocrx_word' id='word_1_85' title='bbox 354 1612 817 1686; x_wconf 66' lang='grc' dir='ltr'><strong><em>ἀνθισταμένων</em></strong></span> <span class='ocrx_word' id='word_1_86' title='bbox 881 1611 1201 1674; x_wconf 77' lang='grc' dir='ltr'><strong><em>ἔκακουν”.</em></strong></span> <span class='ocrx_word' id='word_1_87' title='bbox 1256 1647 1340 1660; x_wconf 89' lang='lat'><em>-</em></span> <span class='ocrx_word' id='word_1_88' title='bbox 1389 1609 1565 1674; x_wconf 87' lang='lat' dir='ltr'>Haec</span> <span class='ocrx_word' id='word_1_89' title='bbox 1613 1631 1740 1674; x_wconf 90' lang='lat' dir='ltr'>non</span> <span class='ocrx_word' id='word_1_90' title='bbox 1789 1610 2000 1675; x_wconf 89' lang='lat' dir='ltr'>solum</span> <span class='ocrx_word' id='word_1_91' title='bbox 2046 1613 2415 1675; x_wconf 82' lang='lat' dir='ltr'>inconcinne</span> <span class='ocrx_word' id='word_1_92' title='bbox 2461 1612 2750 1694; x_wconf 83' lang='lat' dir='ltr'>exposita</span> 
     </span>
     <span class='ocr_line' id='line_1_12' title="bbox 350 1712 2746 1798; baseline -0 -17"><span class='ocrx_word' id='word_1_93' title='bbox 350 1723 513 1781; x_wconf 88' lang='lat' dir='ltr'>sunt</span> <span class='ocrx_word' id='word_1_94' title='bbox 533 1765 549 1794; x_wconf 89' lang='lat'><strong><em>,</em></strong></span> <span class='ocrx_word' id='word_1_95' title='bbox 618 1717 727 1780; x_wconf 88' lang='lat' dir='ltr'>sed</span> <span class='ocrx_word' id='word_1_96' title='bbox 800 1719 997 1781; x_wconf 85' lang='lat' dir='ltr'>etiam</span> <span class='ocrx_word' id='word_1_97' title='bbox 1057 1718 1439 1779; x_wconf 86' lang='lat' dir='ltr'>inaccurate.</span> <span class='ocrx_word' id='word_1_98' title='bbox 1506 1712 1726 1798; x_wconf 84' lang='lat' dir='ltr'>Copiis</span> <span class='ocrx_word' id='word_1_99' title='bbox 1786 1718 1960 1779; x_wconf 90' lang='lat' dir='ltr'>enim</span> <span class='ocrx_word' id='word_1_100' title='bbox 2020 1714 2302 1779; x_wconf 79' lang='lat' dir='ltr'>dimissis</span> <span class='ocrx_word' id='word_1_101' title='bbox 2360 1721 2496 1780; x_wconf 87' lang='lat' dir='ltr'>tam</span> <span class='ocrx_word' id='word_1_102' title='bbox 2543 1717 2746 1780; x_wconf 85' lang='lat' dir='ltr'>socios</span> 
     </span>
     <span class='ocr_line' id='line_1_13' title="bbox 354 1820 2750 1907; baseline 0 -21"><span class='ocrx_word' id='word_1_103' title='bbox 354 1824 536 1887; x_wconf 85' lang='lat' dir='ltr'>tueri</span> <span class='ocrx_word' id='word_1_104' title='bbox 598 1843 789 1907; x_wconf 89' lang='lat' dir='ltr'>quam</span> <span class='ocrx_word' id='word_1_105' title='bbox 836 1821 1129 1886; x_wconf 82' lang='lat' dir='ltr'>hostibus</span> <span class='ocrx_word' id='word_1_106' title='bbox 1176 1841 1398 1885; x_wconf 89' lang='lat' dir='ltr'>nocere</span> <span class='ocrx_word' id='word_1_107' title='bbox 1445 1826 1637 1904; x_wconf 87' lang='lat' dir='ltr'>atque</span> <span class='ocrx_word' id='word_1_108' title='bbox 1685 1841 1794 1884; x_wconf 87' lang='lat' dir='ltr'>eos</span> <span class='ocrx_word' id='word_1_109' title='bbox 1843 1823 1955 1904; x_wconf 90' lang='lat' dir='ltr'>qui</span> <span class='ocrx_word' id='word_1_110' title='bbox 2002 1820 2359 1885; x_wconf 75' lang='lat' dir='ltr'>defecerant</span> <span class='ocrx_word' id='word_1_111' title='bbox 2405 1822 2750 1886; x_wconf 82' lang='lat' dir='ltr'>adsciscere</span> 
     </span>
     <span class='ocr_line' id='line_1_14' title="bbox 354 1911 2748 2011; baseline -0.002 -18"><span class='ocrx_word' id='word_1_112' title='bbox 354 1927 773 1993; x_wconf 77' lang='lat' dir='ltr'>conabantur.</span> <span class='ocrx_word' id='word_1_113' title='bbox 828 1927 1157 1991; x_wconf 75' lang='lat' dir='ltr'>Pertinere</span> <span class='ocrx_word' id='word_1_114' title='bbox 1204 1929 1412 2011; x_wconf 82' lang='lat' dir='ltr'>igitur</span> <span class='ocrx_word' id='word_1_115' title='bbox 1458 1931 1722 2009; x_wconf 87' lang='lat' dir='ltr'>apparet</span> <span class='ocrx_word' id='word_1_116' title='bbox 1769 1927 1837 1988; x_wconf 81' lang='grc' dir='ltr'><strong><em>τὸ</em></strong></span> <span class='ocrx_word' id='word_1_117' title='bbox 1886 1926 2263 2000; x_wconf 73' lang='grc' dir='ltr'><strong><em>διαπέμπειν</em></strong></span> <span class='ocrx_word' id='word_1_118' title='bbox 2312 1911 2490 2005; x_wconf 87' lang='lat' dir='ltr'>(nam</span> <span class='ocrx_word' id='word_1_119' title='bbox 2535 1925 2748 1990; x_wconf 87' lang='lat' dir='ltr'>media</span> 
     </span>
     <span class='ocr_line' id='line_1_15' title="bbox 352 2030 2747 2112; baseline -0.001 -16"><span class='ocrx_word' id='word_1_120' title='bbox 352 2033 569 2097; x_wconf 88' lang='lat' dir='ltr'>forma</span> <span class='ocrx_word' id='word_1_121' title='bbox 636 2035 772 2097; x_wconf 88' lang='lat' dir='ltr'>sine</span> <span class='ocrx_word' id='word_1_122' title='bbox 842 2053 1032 2097; x_wconf 87' lang='lat' dir='ltr'>causa</span> <span class='ocrx_word' id='word_1_123' title='bbox 1100 2031 1385 2096; x_wconf 88' lang='lat' dir='ltr'>adhibita</span> <span class='ocrx_word' id='word_1_124' title='bbox 1456 2051 1588 2095; x_wconf 88' lang='lat' dir='ltr'>esse</span> <span class='ocrx_word' id='word_1_125' title='bbox 1660 2031 1946 2112; x_wconf 85' lang='lat' dir='ltr'>videtur)</span> <span class='ocrx_word' id='word_1_126' title='bbox 2017 2031 2096 2095; x_wconf 89' lang='lat' dir='ltr'>ad</span> <span class='ocrx_word' id='word_1_127' title='bbox 2165 2033 2379 2096; x_wconf 87' lang='lat' dir='ltr'>omnia</span> <span class='ocrx_word' id='word_1_128' title='bbox 2450 2033 2574 2095; x_wconf 88' lang='lat' dir='ltr'>tria</span> <span class='ocrx_word' id='word_1_129' title='bbox 2634 2030 2747 2094; x_wconf 83' lang='lat' dir='ltr'>illa</span> 
     </span>
     <span class='ocr_line' id='line_1_16' title="bbox 359 2135 2748 2221; baseline -0.001 -20"><span class='ocrx_word' id='word_1_130' title='bbox 359 2140 732 2214; x_wconf 88' lang='lat' dir='ltr'>enuntiata,</span> <span class='ocrx_word' id='word_1_131' title='bbox 794 2143 859 2201; x_wconf 90' lang='lat' dir='ltr'>et</span> <span class='ocrx_word' id='word_1_132' title='bbox 919 2137 1265 2221; x_wconf 75' lang='lat' dir='ltr'>pertinebit</span> <span class='ocrx_word' id='word_1_133' title='bbox 1326 2139 1381 2200; x_wconf 89' lang='lat' dir='ltr'>si</span> <span class='ocrx_word' id='word_1_134' title='bbox 1428 2157 1687 2200; x_wconf 90' lang='lat' dir='ltr'>mecum</span> <span class='ocrx_word' id='word_1_135' title='bbox 1733 2138 2056 2221; x_wconf 88' lang='lat' dir='ltr'>scripseris</span> <span class='ocrx_word' id='word_1_136' title='bbox 2103 2135 2207 2200; x_wconf 80' lang='grc' dir='ltr'>καὶ</span> <span class='ocrx_word' id='word_1_137' title='bbox 2258 2135 2565 2212; x_wconf 78' lang='grc' dir='ltr'><strong><em>διαπέμ</em></strong></span> <span class='ocrx_word' id='word_1_138' title='bbox 2585 2159 2628 2198; x_wconf 79' lang='grc' dir='ltr'><strong><em>π</em></strong></span> <span class='ocrx_word' id='word_1_139' title='bbox 2649 2159 2748 2198; x_wconf 85' lang='grc' dir='ltr'><strong><em>ον-</em></strong></span> 
     </span>
     <span class='ocr_line' id='line_1_17' title="bbox 355 2241 1186 2323; baseline -0.001 -17"><span class='ocrx_word' id='word_1_140' title='bbox 355 2266 505 2313; x_wconf 87' lang='grc' dir='ltr'>τες</span> <span class='ocrx_word' id='word_1_141' title='bbox 554 2241 951 2323; x_wconf 79' lang='grc' dir='ltr'><strong><em>ἑκασταχόσε</em></strong></span> <span class='ocrx_word' id='word_1_142' title='bbox 999 2256 1186 2307; x_wconf 58' lang='lat' dir='ltr'>xerat.</span> 
     </span>
    </p>
   </div>
   <div class='ocr_carea' id='block_1_4' title="bbox 342 2431 2746 3692">
    <p class='ocr_par' dir='ltr' id='par_1_4' title="bbox 342 2431 2746 3692">
     <span class='ocr_line' id='line_1_18' title="bbox 456 2431 2741 2530; baseline -0.001 -21"><span class='ocrx_word' id='word_1_143' title='bbox 456 2445 676 2510; x_wconf 85' lang='lat' dir='ltr'>Zonar.</span> <span class='ocrx_word' id='word_1_144' title='bbox 743 2443 806 2509; x_wconf 87' lang='grc'>9.</span> <span class='ocrx_word' id='word_1_145' title='bbox 836 2442 965 2510; x_wconf 85' lang='grc'><strong><em>’7.3</em></strong></span> <span class='ocrx_word' id='word_1_146' title='bbox 1030 2452 1205 2530; x_wconf 83' lang='lat' dir='ltr'>(pag.</span> <span class='ocrx_word' id='word_1_147' title='bbox 1256 2443 1571 2526; x_wconf 81' lang='lat'>240.12).</span> <span class='ocrx_word' id='word_1_148' title='bbox 1637 2445 1960 2516; x_wconf 77' lang='grc' dir='ltr'><strong><em>Μαθόντες</em></strong></span> <span class='ocrx_word' id='word_1_149' title='bbox 2026 2431 2110 2508; x_wconf 57' lang='grc' dir='ltr'>δὲ’</span> <span class='ocrx_word' id='word_1_150' title='bbox 2151 2450 2362 2509; x_wconf 83' lang='grc' dir='ltr'><strong><em>ταῦτα</em></strong></span> <span class='ocrx_word' id='word_1_151' title='bbox 2423 2444 2476 2509; x_wconf 80' lang='grc' dir='ltr'>οἷ</span> <span class='ocrx_word' id='word_1_152' title='bbox 2541 2445 2600 2508; x_wconf 80' lang='grc' dir='ltr'><strong><em>ἔν</em></strong></span> <span class='ocrx_word' id='word_1_153' title='bbox 2663 2451 2741 2526; x_wconf 73' lang='grc' dir='ltr'><strong><em>τῇ</em></strong></span> 
     </span>
     <span class='ocr_line' id='line_1_19' title="bbox 359 2549 2746 2630; baseline 0 -16"><span class='ocrx_word' id='word_1_154' title='bbox 359 2551 571 2630; x_wconf 61' lang='grc' dir='ltr'>Ῥώμῃ</span> <span class='ocrx_word' id='word_1_155' title='bbox 640 2555 747 2615; x_wconf 84' lang='grc' dir='ltr'><strong><em>τοῦ</em></strong></span> <span class='ocrx_word' id='word_1_156' title='bbox 816 2549 1083 2630; x_wconf 81' lang='grc' dir='ltr'><strong><em>Νέρωνος</em></strong></span> <span class='ocrx_word' id='word_1_157' title='bbox 1145 2552 1257 2625; x_wconf 81' lang='grc' dir='ltr'><strong><em>μὲν</em></strong></span> <span class='ocrx_word' id='word_1_158' title='bbox 1321 2551 1659 2627; x_wconf 73' lang='grc' dir='ltr'><strong><em>κατέγνων,</em></strong></span> <span class='ocrx_word' id='word_1_159' title='bbox 1725 2549 1900 2630; x_wconf 76' lang='grc' dir='ltr'>ἄλλῳ</span> <span class='ocrx_word' id='word_1_160' title='bbox 1965 2550 2027 2616; x_wconf 79' lang='grc' dir='ltr'>δέ</span> <span class='ocrx_word' id='word_1_161' title='bbox 2090 2574 2202 2615; x_wconf 91' lang='grc' dir='ltr'><strong><em>τινι</em></strong></span> <span class='ocrx_word' id='word_1_162' title='bbox 2254 2553 2362 2625; x_wconf 71' lang='grc' dir='ltr'>τὴν</span> <span class='ocrx_word' id='word_1_163' title='bbox 2412 2551 2746 2628; x_wconf 72' lang='grc' dir='ltr'><strong><em>ἡγεμονίαν</em></strong></span> 
     </span>
     <span class='ocr_line' id='line_1_20' title="bbox 355 2639 2741 2736; baseline 0 -17"><span class='ocrx_word' id='word_1_164' title='bbox 355 2657 756 2735; x_wconf 76' lang='grc' dir='ltr'><strong><em>ἐψηφίσαντο</em></strong></span> <span class='ocrx_word' id='word_1_165' title='bbox 806 2657 1177 2736; x_wconf 74' lang='grc' dir='ltr'><strong><em>ἐγχειρίσαι.</em></strong></span> <span class='ocrx_word' id='word_1_166' title='bbox 1221 2655 1595 2735; x_wconf 69' lang='grc' dir='ltr'><strong><em>ἀπορούντων</em></strong></span> <span class='ocrx_word' id='word_1_167' title='bbox 1635 2650 1732 2720; x_wconf 79' lang='grc' dir='ltr'><strong><em>οὖν</em></strong></span> <span class='ocrx_word' id='word_1_168' title='bbox 1771 2657 1911 2720; x_wconf 85' lang='grc' dir='ltr'><strong><em>τΙνα</em></strong></span> <span class='ocrx_word' id='word_1_169' title='bbox 1951 2655 2027 2720; x_wconf 75' lang='grc' dir='ltr'><strong><em>ἂν</em></strong></span> <span class='ocrx_word' id='word_1_170' title='bbox 2067 2657 2514 2721; x_wconf 67' lang='grc' dir='ltr'><strong><em>ἀποστείλωσιν</em></strong></span> <span class='ocrx_word' id='word_1_171' title='bbox 2555 2639 2741 2722; x_wconf 79' lang='grc' dir='ltr'><strong><em>κ.τ.λ.</em></strong></span> 
     </span>
     <span class='ocr_line' id='line_1_21' title="bbox 349 2760 2741 2848; baseline 0.001 -22"><span class='ocrx_word' id='word_1_172' title='bbox 349 2799 443 2812; x_wconf 93' lang='lat'>—-</span> <span class='ocrx_word' id='word_1_173' title='bbox 493 2761 617 2827; x_wconf 82' lang='lat' dir='ltr'>Vix</span> <span class='ocrx_word' id='word_1_174' title='bbox 682 2765 753 2826; x_wconf 89' lang='lat' dir='ltr'>in</span> <span class='ocrx_word' id='word_1_175' title='bbox 813 2763 930 2827; x_wconf 90' lang='lat' dir='ltr'>hac</span> <span class='ocrx_word' id='word_1_176' title='bbox 990 2764 1307 2827; x_wconf 89' lang='lat' dir='ltr'>sententia</span> <span class='ocrx_word' id='word_1_177' title='bbox 1364 2760 1542 2827; x_wconf 91' lang='lat' dir='ltr'>locus</span> <span class='ocrx_word' id='word_1_178' title='bbox 1603 2783 1737 2827; x_wconf 87' lang='lat' dir='ltr'>esse</span> <span class='ocrx_word' id='word_1_179' title='bbox 1799 2762 2056 2828; x_wconf 85' lang='lat' dir='ltr'>videtur</span> <span class='ocrx_word' id='word_1_180' title='bbox 2102 2764 2454 2848; x_wconf 74' lang='lat' dir='ltr'>particulae</span> <span class='ocrx_word' id='word_1_181' title='bbox 2502 2764 2598 2830; x_wconf 74' lang='grc' dir='ltr'><strong><em>ἂν.</em></strong></span> <span class='ocrx_word' id='word_1_182' title='bbox 2665 2764 2741 2829; x_wconf 90' lang='lat' dir='ltr'>Id</span> 
     </span>
     <span class='ocr_line' id='line_1_22' title="bbox 344 2866 2740 2956; baseline 0.001 -23"><span class='ocrx_word' id='word_1_183' title='bbox 344 2874 571 2933; x_wconf 85' lang='lat' dir='ltr'>autem</span> <span class='ocrx_word' id='word_1_184' title='bbox 620 2872 695 2931; x_wconf 89' lang='lat' dir='ltr'>ut</span> <span class='ocrx_word' id='word_1_185' title='bbox 740 2867 1053 2944; x_wconf 85' lang='lat' dir='ltr'>abundat,</span> <span class='ocrx_word' id='word_1_186' title='bbox 1103 2866 1280 2931; x_wconf 89' lang='lat' dir='ltr'>aliud</span> <span class='ocrx_word' id='word_1_187' title='bbox 1326 2867 1481 2951; x_wconf 87' lang='lat' dir='ltr'>quid</span> <span class='ocrx_word' id='word_1_188' title='bbox 1528 2867 1704 2932; x_wconf 82' lang='lat' dir='ltr'>deest</span> <span class='ocrx_word' id='word_1_189' title='bbox 1721 2889 1737 2945; x_wconf 92' lang='lat'>;</span> <span class='ocrx_word' id='word_1_190' title='bbox 1787 2890 1912 2933; x_wconf 90' lang='lat' dir='ltr'>non</span> <span class='ocrx_word' id='word_1_191' title='bbox 1953 2871 2126 2933; x_wconf 89' lang='lat' dir='ltr'>enim</span> <span class='ocrx_word' id='word_1_192' title='bbox 2167 2873 2516 2936; x_wconf 86' lang='lat' dir='ltr'>sententiae</span> <span class='ocrx_word' id='word_1_193' title='bbox 2553 2870 2740 2956; x_wconf 86' lang='lat' dir='ltr'>plane</span> 
     </span>
     <span class='ocr_line' id='line_1_23' title="bbox 342 2972 2744 3061; baseline 0 -22"><span class='ocrx_word' id='word_1_194' title='bbox 342 2974 583 3039; x_wconf 86' lang='lat' dir='ltr'>sufficit</span> <span class='ocrx_word' id='word_1_195' title='bbox 635 2974 912 3039; x_wconf 82' lang='lat' dir='ltr'>verbum</span> <span class='ocrx_word' id='word_1_196' title='bbox 957 2974 1391 3038; x_wconf 73' lang='grc' dir='ltr'><strong><em>ἀποστέλλειν.</em></strong></span> <span class='ocrx_word' id='word_1_197' title='bbox 1457 2972 1759 3060; x_wconf 82' lang='lat' dir='ltr'>Suspicor</span> <span class='ocrx_word' id='word_1_198' title='bbox 1804 2974 2154 3061; x_wconf 84' lang='lat' dir='ltr'>legendum</span> <span class='ocrx_word' id='word_1_199' title='bbox 2201 2996 2336 3041; x_wconf 88' lang='lat' dir='ltr'>esse</span> <span class='ocrx_word' id='word_1_200' title='bbox 2383 2978 2526 3040; x_wconf 70' lang='grc' dir='ltr'><strong><em>τινα</em></strong></span> <span class='ocrx_word' id='word_1_201' title='bbox 2572 2978 2744 3040; x_wconf 71' lang='grc' dir='ltr'><strong><em>αντ-</em></strong></span> 
     </span>
     <span class='ocr_line' id='line_1_24' title="bbox 342 3078 2740 3164; baseline 0 -19"><span class='ocrx_word' id='word_1_202' title='bbox 342 3079 984 3145; x_wconf 75' lang='grc' dir='ltr'><strong><em>αποστείλωσιν.</em></strong></span> <span class='ocrx_word' id='word_1_203' title='bbox 1050 3078 1229 3158; x_wconf 82' lang='lat' dir='ltr'>Quod</span> <span class='ocrx_word' id='word_1_204' title='bbox 1294 3080 1563 3145; x_wconf 85' lang='lat' dir='ltr'>verbum</span> <span class='ocrx_word' id='word_1_205' title='bbox 1626 3099 2019 3164; x_wconf 88' lang='lat' dir='ltr'>quamquam</span> <span class='ocrx_word' id='word_1_206' title='bbox 2074 3083 2278 3144; x_wconf 88' lang='lat' dir='ltr'>rarius</span> <span class='ocrx_word' id='word_1_207' title='bbox 2327 3081 2497 3144; x_wconf 91' lang='lat' dir='ltr'>hunc</span> <span class='ocrx_word' id='word_1_208' title='bbox 2546 3102 2740 3145; x_wconf 90' lang='lat' dir='ltr'>usum</span> 
     </span>
     <span class='ocr_line' id='line_1_25' title="bbox 344 3183 2735 3270; baseline 0 -21"><span class='ocrx_word' id='word_1_209' title='bbox 344 3184 601 3249; x_wconf 87' lang='lat' dir='ltr'>obtinet</span> <span class='ocrx_word' id='word_1_210' title='bbox 670 3183 977 3269; x_wconf 85' lang='lat' dir='ltr'>(exempli</span> <span class='ocrx_word' id='word_1_211' title='bbox 1034 3204 1222 3248; x_wconf 87' lang='lat' dir='ltr'>causa</span> <span class='ocrx_word' id='word_1_212' title='bbox 1281 3184 1581 3250; x_wconf 88' lang='lat' dir='ltr'>laudetur</span> <span class='ocrx_word' id='word_1_213' title='bbox 1638 3184 1903 3270; x_wconf 83' lang='lat' dir='ltr'>Polybii</span> <span class='ocrx_word' id='word_1_214' title='bbox 1963 3184 2141 3248; x_wconf 89' lang='lat' dir='ltr'>locus</span> <span class='ocrx_word' id='word_1_215' title='bbox 2201 3184 2413 3249; x_wconf 80' lang='lat' dir='ltr'><strong>XXII.</strong></span> <span class='ocrx_word' id='word_1_216' title='bbox 2481 3184 2590 3249; x_wconf 81' lang='lat'>23.</span> <span class='ocrx_word' id='word_1_217' title='bbox 2617 3184 2735 3266; x_wconf 83' lang='lat'>22)</span> 
     </span>
     <span class='ocr_line' id='line_1_26' title="bbox 344 3288 2740 3375; baseline 0.001 -22"><span class='ocrx_word' id='word_1_218' title='bbox 344 3288 746 3374; x_wconf 80' lang='lat' dir='ltr'>Thucydidis</span> <span class='ocrx_word' id='word_1_219' title='bbox 806 3296 1023 3354; x_wconf 86' lang='lat' dir='ltr'>tamen</span> <span class='ocrx_word' id='word_1_220' title='bbox 1086 3293 1463 3356; x_wconf 87' lang='lat' dir='ltr'>auctoritate</span> <span class='ocrx_word' id='word_1_221' title='bbox 1511 3291 1762 3355; x_wconf 86' lang='lat' dir='ltr'>defendi</span> <span class='ocrx_word' id='word_1_222' title='bbox 1808 3311 1988 3375; x_wconf 88' lang='lat' dir='ltr'>posse</span> <span class='ocrx_word' id='word_1_223' title='bbox 2037 3289 2311 3367; x_wconf 85' lang='lat' dir='ltr'>videtur,</span> <span class='ocrx_word' id='word_1_224' title='bbox 2362 3292 2473 3374; x_wconf 89' lang='lat' dir='ltr'>qui</span> <span class='ocrx_word' id='word_1_225' title='bbox 2519 3291 2740 3356; x_wconf 88' lang='lat' dir='ltr'>eadem</span> 
     </span>
     <span class='ocr_line' id='line_1_27' title="bbox 342 3394 2731 3482; baseline 0.001 -26"><span class='ocrx_word' id='word_1_226' title='bbox 342 3396 837 3479; x_wconf 86' lang='lat' dir='ltr'>praepositionis</span> <span class='ocrx_word' id='word_1_227' title='bbox 902 3396 1366 3482; x_wconf 83' lang='lat' dir='ltr'>significatione</span> <span class='ocrx_word' id='word_1_228' title='bbox 1429 3394 1926 3475; x_wconf 67' lang='grc' dir='ltr'><strong><em>ἀντεμβιβάζειν</em></strong></span> <span class='ocrx_word' id='word_1_229' title='bbox 1990 3394 2156 3475; x_wconf 87' lang='lat' dir='ltr'>(VII.</span> <span class='ocrx_word' id='word_1_230' title='bbox 2225 3394 2335 3475; x_wconf 86' lang='lat'>13)</span> <span class='ocrx_word' id='word_1_231' title='bbox 2399 3396 2731 3474; x_wconf 89' lang='lat' dir='ltr'>adhibuit,</span> 
     </span>
     <span class='ocr_line' id='line_1_28' title="bbox 346 3500 2734 3585; baseline 0 -21"><span class='ocrx_word' id='word_1_232' title='bbox 346 3505 467 3564; x_wconf 80' lang='lat' dir='ltr'>aut</span> <span class='ocrx_word' id='word_1_233' title='bbox 510 3502 712 3584; x_wconf 90' lang='lat' dir='ltr'>ipsius</span> <span class='ocrx_word' id='word_1_234' title='bbox 748 3500 1007 3578; x_wconf 85' lang='lat' dir='ltr'>Dionis,</span> <span class='ocrx_word' id='word_1_235' title='bbox 1051 3503 1163 3585; x_wconf 89' lang='lat' dir='ltr'>qui</span> <span class='ocrx_word' id='word_1_236' title='bbox 1201 3502 1272 3563; x_wconf 92' lang='lat' dir='ltr'>in</span> <span class='ocrx_word' id='word_1_237' title='bbox 1310 3504 1663 3585; x_wconf 88' lang='lat' dir='ltr'>composito</span> <span class='ocrx_word' id='word_1_238' title='bbox 1700 3501 1892 3568; x_wconf 86' lang='lat' dir='ltr'>verbo</span> <span class='ocrx_word' id='word_1_239' title='bbox 1929 3502 2428 3581; x_wconf 68' lang='grc' dir='ltr'><strong><em>αντεπιγράφειν</em></strong></span> <span class='ocrx_word' id='word_1_240' title='bbox 2469 3502 2734 3566; x_wconf 85' lang='lat' dir='ltr'>eandem</span> 
     </span>
     <span class='ocr_line' id='line_1_29' title="bbox 347 3605 1233 3692; baseline 0 -21"><span class='ocrx_word' id='word_1_241' title='bbox 347 3606 497 3671; x_wconf 79' lang='lat' dir='ltr'>vim</span> <span class='ocrx_word' id='word_1_242' title='bbox 541 3605 715 3670; x_wconf 88' lang='lat' dir='ltr'>dedit</span> <span class='ocrx_word' id='word_1_243' title='bbox 759 3608 1233 3692; x_wconf 88' lang='lat' dir='ltr'>praepositioni.</span> 
     </span>
    </p>
   </div>
   <div class='ocr_carea' id='block_1_5' title="bbox 339 3818 2758 4543">
    <p class='ocr_par' dir='ltr' id='par_1_5' title="bbox 339 3818 2758 4543">
     <span class='ocr_line' id='line_1_30' title="bbox 442 3818 2735 3912; baseline 0.003 -26"><span class='ocrx_word' id='word_1_244' title='bbox 442 3818 661 3887; x_wconf 86' lang='lat' dir='ltr'>Zonar.</span> <span class='ocrx_word' id='word_1_245' title='bbox 710 3822 771 3887; x_wconf 87' lang='lat'>9.</span> <span class='ocrx_word' id='word_1_246' title='bbox 807 3822 907 3887; x_wconf 87' lang='lat'>10.</span> <span class='ocrx_word' id='word_1_247' title='bbox 939 3822 972 3887; x_wconf 87' lang='lat'>1</span> <span class='ocrx_word' id='word_1_248' title='bbox 1026 3829 1199 3910; x_wconf 83' lang='lat' dir='ltr'>(pag.</span> <span class='ocrx_word' id='word_1_249' title='bbox 1252 3822 1407 3889; x_wconf 79' lang='lat'><strong>249.</strong></span> <span class='ocrx_word' id='word_1_250' title='bbox 1439 3824 1570 3906; x_wconf 89' lang='grc'>14).</span> <span class='ocrx_word' id='word_1_251' title='bbox 1618 3822 2049 3911; x_wconf 82' lang='lat' dir='ltr'>Exponuntur</span> <span class='ocrx_word' id='word_1_252' title='bbox 2094 3824 2378 3892; x_wconf 87' lang='lat' dir='ltr'>breviter</span> <span class='ocrx_word' id='word_1_253' title='bbox 2425 3845 2584 3912; x_wconf 88' lang='lat' dir='ltr'>quae</span> <span class='ocrx_word' id='word_1_254' title='bbox 2631 3824 2735 3893; x_wconf 88' lang='lat' dir='ltr'>Li—</span> 
     </span>
     <span class='ocr_line' id='line_1_31' title="bbox 340 3927 2758 4019; baseline 0.002 -27"><span class='ocrx_word' id='word_1_255' title='bbox 340 3929 497 3993; x_wconf 78' lang='lat' dir='ltr'>vius</span> <span class='ocrx_word' id='word_1_256' title='bbox 558 3935 805 3992; x_wconf 84' lang='lat' dir='ltr'>enarrat</span> <span class='ocrx_word' id='word_1_257' title='bbox 865 3928 1164 3993; x_wconf 84' lang='lat' dir='ltr'><strong>XXVHI.</strong></span> <span class='ocrx_word' id='word_1_258' title='bbox 1220 3927 1335 3993; x_wconf 91' lang='lat'>18:</span> <span class='ocrx_word' id='word_1_259' title='bbox 1401 3932 1769 3995; x_wconf 86' lang='lat' dir='ltr'>convenisse</span> <span class='ocrx_word' id='word_1_260' title='bbox 1833 3952 1983 3995; x_wconf 88' lang='lat' dir='ltr'>casu</span> <span class='ocrx_word' id='word_1_261' title='bbox 2045 3932 2323 4017; x_wconf 89' lang='lat' dir='ltr'>quodam</span> <span class='ocrx_word' id='word_1_262' title='bbox 2385 3932 2554 4017; x_wconf 90' lang='lat' dir='ltr'>apud</span> <span class='ocrx_word' id='word_1_263' title='bbox 2614 3930 2735 4019; x_wconf 76' lang='lat' dir='ltr'>Sy·</span> <span class='ocrx_word' id='word_1_264' title='bbox 2754 3978 2758 3983; x_wconf 88' lang='lat'>-</span> 
     </span>
     <span class='ocr_line' id='line_1_32' title="bbox 339 4031 2727 4142; baseline 0.002 -47"><span class='ocrx_word' id='word_1_265' title='bbox 339 4032 616 4117; x_wconf 83' lang='lat' dir='ltr'>phacem</span> <span class='ocrx_word' id='word_1_266' title='bbox 678 4032 875 4096; x_wconf 83' lang='lat' dir='ltr'>simul</span> <span class='ocrx_word' id='word_1_267' title='bbox 936 4031 1298 4119; x_wconf 81' lang='lat' dir='ltr'>Scipionem</span> <span class='ocrx_word' id='word_1_268' title='bbox 1360 4043 1551 4119; x_wconf 89' lang='lat' dir='ltr'>atque</span> <span class='ocrx_word' id='word_1_269' title='bbox 1601 4035 2077 4142; x_wconf 82' lang='lat' dir='ltr'>Hasdrubalem</span> <span class='ocrx_word' id='word_1_270' title='bbox 2125 4034 2464 4123; x_wconf 77' lang='lat' dir='ltr'>Gisgonis3</span> <span class='ocrx_word' id='word_1_271' title='bbox 2516 4036 2727 4112; x_wconf 74' lang='grc' dir='ltr'><strong><em>δεξιου-</em></strong></span> 
     </span>
     <span class='ocr_line' id='line_1_33' title="bbox 340 4132 2730 4217; baseline 0.003 -17"><span class='ocrx_word' id='word_1_272' title='bbox 340 4138 531 4213; x_wconf 81' lang='grc' dir='ltr'><strong><em>μένου</em></strong></span> <span class='ocrx_word' id='word_1_273' title='bbox 599 4132 697 4202; x_wconf 81' lang='grc' dir='ltr'><strong><em>οὖν</em></strong></span> <span class='ocrx_word' id='word_1_274' title='bbox 761 4160 863 4201; x_wconf 90' lang='grc' dir='ltr'>και</span> <span class='ocrx_word' id='word_1_275' title='bbox 927 4136 1127 4215; x_wconf 72' lang='grc' dir='ltr'><strong><em>ἄμφω</em></strong></span> <span class='ocrx_word' id='word_1_276' title='bbox 1199 4144 1304 4203; x_wconf 83' lang='grc' dir='ltr'><strong><em>τοῦ</em></strong></span> <span class='ocrx_word' id='word_1_277' title='bbox 1370 4141 1671 4217; x_wconf 77' lang='grc' dir='ltr'><strong><em>Σόφακος</em></strong></span> <span class='ocrx_word' id='word_1_278' title='bbox 1740 4188 1934 4207; x_wconf 91' lang='grc'><strong><em>.....</em></strong></span> <span class='ocrx_word' id='word_1_279' title='bbox 2000 4166 2105 4205; x_wconf 90' lang='grc' dir='ltr'>και</span> <span class='ocrx_word' id='word_1_280' title='bbox 2174 4143 2730 4215; x_wconf 70' lang='grc' dir='ltr'><strong><em>καταλλασσοντος</em></strong></span> 
     </span>
     <span class='ocr_line' id='line_1_34' title="bbox 340 4242 2729 4329; baseline 0.003 -22"><span class='ocrx_word' id='word_1_281' title='bbox 340 4247 560 4322; x_wconf 74' lang='grc' dir='ltr'><strong><em>σφᾶς,</em></strong></span> <span class='ocrx_word' id='word_1_282' title='bbox 625 4244 651 4307; x_wconf 82' lang='grc' dir='ltr'><em>ὃ</em></span> <span class='ocrx_word' id='word_1_283' title='bbox 720 4245 986 4306; x_wconf 85' lang='grc' dir='ltr'><strong><em>Σκιπίων</em></strong></span> <span class='ocrx_word' id='word_1_284' title='bbox 1046 4245 1153 4307; x_wconf 81' lang='grc' dir='ltr'><strong><em>οὐκ</em></strong></span> <span class='ocrx_word' id='word_1_285' title='bbox 1216 4245 1373 4308; x_wconf 79' lang='grc' dir='ltr'><strong><em>ἰδίαν</em></strong></span> <span class='ocrx_word' id='word_1_286' title='bbox 1439 4243 1663 4324; x_wconf 76' lang='grc' dir='ltr'><strong><em>ἔχθραν</em></strong></span> <span class='ocrx_word' id='word_1_287' title='bbox 1726 4244 1894 4325; x_wconf 82' lang='grc' dir='ltr'><strong><em>ἔχειν</em></strong></span> <span class='ocrx_word' id='word_1_288' title='bbox 1957 4242 2126 4311; x_wconf 85' lang='grc' dir='ltr'><strong><em>εἶπεν</em></strong></span> <span class='ocrx_word' id='word_1_289' title='bbox 2192 4246 2331 4311; x_wconf 77' lang='grc' dir='ltr'><strong><em>οὔτε</em></strong></span> <span class='ocrx_word' id='word_1_290' title='bbox 2396 4272 2516 4323; x_wconf 78' lang='grc' dir='ltr'><strong><em>μην</em></strong></span> <span class='ocrx_word' id='word_1_291' title='bbox 2583 4249 2729 4329; x_wconf 78' lang='grc' dir='ltr'><strong><em>ὑπὲρ</em></strong></span> 
     </span>
     <span class='ocr_line' id='line_1_35' title="bbox 341 4347 2731 4438; baseline 0.003 -26"><span class='ocrx_word' id='word_1_292' title='bbox 341 4356 465 4413; x_wconf 83' lang='grc' dir='ltr'>τῶν</span> <span class='ocrx_word' id='word_1_293' title='bbox 511 4356 711 4411; x_wconf 84' lang='grc' dir='ltr'><strong><em>κοινῶν</em></strong></span> <span class='ocrx_word' id='word_1_294' title='bbox 758 4347 1051 4412; x_wconf 80' lang='grc' dir='ltr'><strong><em>δύνασθαι</em></strong></span> <span class='ocrx_word' id='word_1_295' title='bbox 1100 4350 1237 4413; x_wconf 75' lang='grc' dir='ltr'><strong><em>καθ’</em></strong></span> <span class='ocrx_word' id='word_1_296' title='bbox 1285 4350 1500 4413; x_wconf 81' lang='grc' dir='ltr'><strong><em>ἑαυτὸν</em></strong></span> <span class='ocrx_word' id='word_1_297' title='bbox 1549 4354 2050 4415; x_wconf 80' lang='grc' dir='ltr'><strong><em>καταλύσασθαι.</em></strong></span> <span class='ocrx_word' id='word_1_298' title='bbox 2101 4351 2532 4438; x_wconf 80' lang='lat' dir='ltr'>Neglegenter</span> <span class='ocrx_word' id='word_1_299' title='bbox 2576 4354 2731 4419; x_wconf 83' lang='lat' dir='ltr'>haec</span> 
     </span>
     <span class='ocr_line' id='line_1_36' title="bbox 339 4452 2726 4543; baseline 0.001 -23"><span class='ocrx_word' id='word_1_300' title='bbox 339 4454 602 4520; x_wconf 81' lang='lat' dir='ltr'>tradit-a.</span> <span class='ocrx_word' id='word_1_301' title='bbox 653 4452 829 4519; x_wconf 88' lang='lat' dir='ltr'>Num</span> <span class='ocrx_word' id='word_1_302' title='bbox 875 4474 1025 4519; x_wconf 85' lang='lat' dir='ltr'>vero</span> <span class='ocrx_word' id='word_1_303' title='bbox 1066 4476 1103 4519; x_wconf 87' lang='lat' dir='ltr'>a</span> <span class='ocrx_word' id='word_1_304' title='bbox 1138 4454 1378 4521; x_wconf 89' lang='lat' dir='ltr'>Zonara</span> <span class='ocrx_word' id='word_1_305' title='bbox 1412 4463 1748 4541; x_wconf 89' lang='lat' dir='ltr'>peccatum</span> <span class='ocrx_word' id='word_1_306' title='bbox 1787 4460 1870 4521; x_wconf 90' lang='lat' dir='ltr'>sit</span> <span class='ocrx_word' id='word_1_307' title='bbox 1909 4458 2206 4543; x_wconf 89' lang='lat' dir='ltr'>equidem</span> <span class='ocrx_word' id='word_1_308' title='bbox 2232 4457 2474 4524; x_wconf 76' lang='lat' dir='ltr'>dubito·</span> <span class='ocrx_word' id='word_1_309' title='bbox 2517 4458 2726 4525; x_wconf 86' lang='lat' dir='ltr'>Facile</span> 
     </span>
    </p>
   </div>
  </div>
 </body>
</html>
