3351 5463
616 365 746 431 356
1646 383 1966 430 KEPMATA.

612 549 683 611 in
743 546 987 612 dicione
1048 547 1303 612 Maniae
1348 546 1556 612 fuerat
1602 551 1668 611 et
1713 545 1988 611 Midiam
2034 551 2220 632 rogat
2239 594 2255 624 ,
2305 567 2497 631 quem
2543 567 2761 612 seeum
2810 549 3008 616 habe-

614 653 756 730 bat,
819 657 895 716 ut
949 652 1295 737 oppidanos
1339 653 1557 716 iubeat
1599 657 1856 737 portam
1902 655 2178 736 aperire;
2202 652 2333 717 ‘hie
2379 657 2598 718 autem
2644 656 2811 720 ὤκνει
2858 655 2998 733 μέν,

614 758 1001 839 φοβούμενος
1064 759 1130 822 δὲ
1194 762 1281 835 μὴ
1339 765 1736 838 παραχρῆμα
1784 759 2150 839 συλληφθῇ,
2203 756 2478 822 ἐκέλευεν
2525 757 2785 835 ἀνοῖξαι.
2856 760 3003 826 Hoc

612 864 874 948 quidem
913 867 1081 928 reete
1101 884 1117 941 ;
1162 864 1271 928 sed
1305 865 1373 928 in
1410 862 1593 928 libris
1634 867 1731 927 est
1760 863 1929 927 ὤκνει
1953 862 2066 940 μὲν
2107 862 2474 940 ἀνοίγειν
2512 864 2664 936 τὰς
2703 865 3001 938 πύλας.

614 961 985 1034 Plurimum
1046 972 1244 1034 miror
1290 989 1431 1033 eam
1475 968 2038 1052 interpolationem
2083 968 2368 1033 nondum
2430 990 2467 1034 a
2529 991 2851 1055 quoquam
2895 993 3004 1037 no-

614 1079 819 1139 tatam
885 1074 1079 1139 fuisse
1099 1123 1115 1152 ,
1187 1096 1337 1139 oum
1407 1095 1531 1138 non
1597 1073 1810 1139 solum
1869 1072 2191 1138 inutiliter
2253 1074 2566 1152 abundet,
2631 1075 2739 1140 sed
2802 1079 3001 1142 etiam

612 1200 946 1265 perperam
1007 1182 1340 1244 enunciata
1402 1181 1488 1243 sit
1506 1199 1522 1255 ;
1586 1200 1716 1243 non
1781 1180 1954 1243 enim
2017 1178 2256 1244 Midias
2319 1177 2488 1243 ὤκνει
2550 1181 2840 1260 ἀνοίγειν,
2888 1181 3001 1246 sed

613 1287 782 1351 ὤκνει
829 1285 1120 1350 κελεύειν.

704 1391 900 1456 XLV.
946 1389 1234 1475 Denique
1270 1392 1338 1453 in
1372 1389 1595 1454 eodem
1636 1389 1841 1474 eapite
1880 1388 2207 1473 inelegans
2243 1389 2651 1473 interpolatio
2691 1392 2860 1480 est·§
2886 1389 3000 1456 28.

613 1497 850 1562 Midias
918 1496 1215 1561 omnibus
1274 1495 1457 1559 bonis
1520 1493 1690 1559 male
1750 1497 1954 1578 partis
2021 1499 2256 1560 exutus
2318 1494 2708 1579 Spartanum
2771 1495 3003 1560 ducem
3049 1505 3058 1520 '

611 1607 831 1686 rogat,
904 1621 1093 1685 quem
1166 1601 1287 1664 sibi
1346 1599 1561 1664 looum
1624 1599 1707 1664 ad
1769 1598 2186 1665 habitandum
2249 1600 2571 1665 concedat.
2641 1600 3006 1685 Respondet

613 1705 1018 1792 Dercylidas:
1083 1703 1383 1785 Ἔνθαπερ
1447 1704 1547 1768 καὶ
1618 1702 2024 1781 δικαιότατον,
2093 1701 2134 1767 ὦ
2196 1704 2465 1783 Μειδία,
2519 1706 2576 1769 ἐν
2625 1715 2702 1787 τῇ·
2754 1706 3004 1792 πατρίδι

614 1821 693 1893 τῇ
743 1815 972 1875 σαυτοῦ
1023 1810 1128 1874 καὶ
1178 1813 1238 1875 ἓν
1284 1819 1362 1892 τῇ
1410 1809 1665 1894 πατρῴα
1714 1812 1894 1894 οἰκία.
1945 1810 2322 1875 Ridiculum
2367 1815 2465 1876 est
2504 1810 2674 1897 quod
2706 1811 3005 1877 additum

615 1920 1001 2003 reperimus:
1054 1917 1115 1980 ἕν
1156 1926 1233 1998 τῇ
1285 1916 1537 1994 πατρίδι
1587 1915 1663 1998 τῇ
1715 1921 1946 1981 σαυτοῦ
1997 1916 2290 1994 Σκήψι.

709 2019 930 2087 ΧΙΝἹ.
1003 2021 1319 2109 Odrysae,
1391 2025 1493 2086 uti
1563 2021 1844 2107 legimus
1913 2021 2070 2086 ibid.
2135 2019 2249 2086 111.
2314 2021 2376 2086 2.
2407 2020 2466 2099 5,
2539 2042 2687 2086 suos
2754 2024 2868 2107 qui
2936 2024 3008 2086 in

615 2126 855 2214 proelio
901 2128 1283 2204 ceciderant,
1335 2126 1687 2212 sepeliunt3
1730 2127 1953 2192 deinde
1994 2126 2187 2192 πολὺν
2226 2123 2374 2191 οἶνον
2422 2107 2801 2191 ε’κπιόντε
2825 2150 2855 2197 ς
2904 2127 3008 2190 ἐπ’

615 2235 828 2304 αὐτοῖς
891 2233 995 2296 καὶ
1058 2233 1468 2311 ἱπποδρομίαν
1530 2232 1899 2306 ποιήσαντες
1960 2235 2028 2296 in
2073 2237 2402 2316 posterum
2452 2229 2601 2310 ἦγον
2648 2232 2751 2296 καὶ
2803 2227 3007 2297 ἔκαιον

616 2339 726 2411 τὴν
790 2339 1087 2404 Βιθυνίδα.
1151 2339 1401 2404 Mirum
1462 2340 1531 2402 ni
1577 2338 2008 2423 reponendum
2058 2343 2154 2402 est
2201 2338 2577 2409 σπείσαντες
2625 2343 3009 2418 (ΕΚΠΙΟΝ-

617 2452 790 2508 ΤΕΣ
819 2481 904 2494 -
933 2451 1540 2524 ΣΠΕιΣΑΝΤΕΣ).

708 2547 965 2614 XLVII.
1038 2549 1712 2634 Adpropinquantibus
1774 2547 2102 2633 Spartanis
2162 2547 2241 2612 ad
2287 2546 2544 2613 Elidem
2589 2549 2816 2613 urbem
2835 2596 2849 2623 ‚
2901 2569 3010 2632 op·

618 2657 876 2719 timates
938 2654 1288 2718 interficere
1351 2653 1688 2720 voluerant
1747 2653 2267 2740 Thrasydaeum,
2334 2656 2445 2739 qui
2491 2653 3006 2719 adversariorum

617 2762 879 2824 factioni
934 2766 1241 2844 praeerat.
1306 2759 1495 2824 Forte
1542 2761 1647 2824 hio
1694 2780 1924 2824 manus
1968 2758 2232 2823 illorum
2280 2759 2590 2843 effugerat
2634 2759 3008 2844 iacebatque

616 2868 769 2931 vino
815 2885 1163 2948 somnoque
1211 2863 1499 2949 sepultus
1544 2867 1611 2928 in
1658 2886 1732 2929 ea
1781 2865 1968 2929 domo
1990 2913 2006 2942 ,
2049 2864 2162 2928 ubi
2201 2867 2570 2929 convivium
2609 2865 3006 2931 celebratum

618 2971 859 3045 fuerat,
926 2970 1002 3033 de
1061 2989 1185 3052 quo
1234 2971 1530 3033 convivio
1578 2969 1747 3053 quod
1793 2969 2151 3052 Xenophon
2197 2969 2498 3046 tradidit,
2545 2969 2772 3035 lacuna
2818 2971 3007 3035 haus-

616 3081 762 3138 tum
826 3078 924 3137 est
984 3076 1086 3136 uti
1148 3073 1422 3150 videtur,
1488 3074 1565 3138 of.
1634 3072 1858 3141 Cobet.
1923 3073 2093 3137 Orat.
2158 3072 2384 3158 Inaug.
2449 3096 2512 3158 p.
2579 3074 2684 3139 68.
2756 3074 3006 3141 Deinde
3129 3100 3140 3107 ·

618 3178 861 3243 diditur
920 3199 1140 3243 rumor
1200 3178 1525 3262 superesse
1587 3177 2067 3263 Thrasydaeum
2135 3184 2200 3241 et
2259 3179 2670 3257 περιεπλήσθη
2737 3182 2772 3254 ἧ
2835 3180 3004 3245 οἰκία

618 3282 776 3347 ἔνθεν
841 3282 944 3346 καί
1010 3281 1188 3360 ἔνθεν,
1230 3280 1453 3362 ,ὥσπερ
1511 3283 1624 3347 ὑπὸ
1675 3284 1864 3360 ἑσμοῦ
1913 3289 2329 3359 μελιττῶν
2378 3284 2405 3346 ὃ
2457 3284 2800 3360 ἡγεμών.
2873 3284 3006 3349 Hie

616 3390 903 3473 primum
966 3386 1224 3452 affertur
1269 3387 1584 3453 Schwabii
1630 3390 1991 3453 coniectura
2038 3387 2436 3469 περιεκλῄσθη
2487 3387 2625 3467 vel,
2675 3381 2842 3473 quod
2887 3388 3006 3453 alii

616 3493 905 3571 malunt,
974 3492 1412 3569 περιεκλείσθη.
1478 3492 1719 3572 Quodsi
1778 3498 2102 3576 praeterea
2166 3493 2201 3565 ἧ
2265 3492 2426 3555 οἰκία
2474 3491 2814 3571 deleveris,
2863 3497 3004 3578 ipse

615 3602 747 3663 iam
806 3600 929 3662 erit
988 3596 1465 3683 ThrasydaeuS,
1532 3600 1643 3680 qui
1709 3597 2147 3676 περιεκλείσθη.
2213 3596 2337 3661 Sed
2397 3602 2566 3661 reete
2627 3601 2752 3661 nisi
2818 3598 3004 3663 fallor

618 3702 989 3786 obloquitur
1052 3688 1603 3767 Breitenbaohius:
1677 3700 1818 3779 „die
1881 3700 2118 3787 Menge
2181 3702 2644 3766 umsehwiirmt
2706 3705 2885 3768 nicht
2932 3724 3002 3768 so

618 3806 788 3873 wohl
832 3808 945 3870 ihn
993 3806 1192 3871 selbst
1236 3807 1327 3871 als
1374 3808 1483 3871 das
1530 3805 1712 3870 Haus
1731 3855 1747 3884 ,
1799 3807 2000 3871 wobei
2048 3808 2138 3869 sie
2186 3805 2479 3891 zugleioh
2528 3807 2648 3870 den
2693 3808 2836 3872 Hof
2869 3807 3005 3871 und

617 3913 843 3977 andere
927 3912 1121 3977 offene
1189 3912 1436 3976 Raume
1507 3913 1819 3976 zwisehen
1887 3912 2008 3976 den
2081 3908 2428 3975 Gebiiuden
2498 3910 2786 3975 erffillt.''
2875 3910 3004 3976 Sed

618 4019 990 4107 superxsenit
1051 4016 1518 4082 Herwerdenus
1536 4064 1553 4094 ,
1627 4020 1739 4101 qui
1802 4017 1925 4081 sibi
1989 4018 2304 4101 persuasit
2347 4016 2704 4080 insiticium
2751 4036 2885 4080 esse
2930 4016 3004 4080 id

618 4123 787 4208 quod
833 4126 930 4188 est
976 4123 1003 4187 ὃ
1052 4122 1318 4201 ἡγεμών,
1368 4142 1551 4199 nam,
1597 4124 1846 4206 inquit,
1896 4124 2118 4207 apium
2164 4122 2386 4206 regina
2407 4169 2420 4196 ,
2460 4126 2534 4184 ut
2575 4123 2739 4185 ratio
2779 4121 3002 4197 docet,

618 4250 867 4313 semper
926 4232 991 4292 et
1051 4229 1287 4313 ubique
1349 4227 1531 4291 audit
1586 4230 1618 4302 ἧ
1672 4226 1918 4305 ἡγεμών
1965 4232 2029 4291 et
2074 4226 2345 4290 absurde
2391 4226 2420 4289 ὅ
2472 4226 3006 4304 ἡγεμώνᾶὶοἱῒιιιι·

620 4333 777 4398 ἔνθεν
841 4334 943 4398 καί
1010 4332 1164 4397 ἔνθεν
1227 4335 1731 4414 περιπλησθῆναι.
1779 4332 2097 4416 Equidem
2146 4331 2414 4396 concedo
2462 4330 2617 4397 alibi
2659 4331 2833 4416 -apud
2882 4331 3008 4397 Xe-

617 4441 1004 4523 nophontem
1026 4488 1042 4517 ,
1108 4438 1335 4505 Oecon.
1384 4438 1520 4504 VII.
1581 4438 1688 4514 32,
1717 4437 1823 4516 38,
1887 4438 1994 4510 τὴν
2061 4436 2350 4515 ἡγεμόνα·
2403 4436 2563 4517 dioi,
2627 4457 2788 4521 quae
2835 4458 3006 4501 nune
