3351 5463
1270 396 1768 458 Ams'rormns.
2581 395 2712 462 285

604 573 859 656 ῥήματα
907 573 1191 652 δαιομένη
1241 577 1868 654 καταλεπτολογήσει

610 678 965 758 πλευμόνων
1014 680 1208 746 πολὺν
1254 679 1451 747 πόνον.

338 785 504 867 Quid
560 788 643 852 sit
702 788 1164 865 στοματουργὸς
1231 793 1493 865 γλῶσσα
1558 788 1931 854 divinantur
1993 791 2204 875 magis
2267 809 2461 874 quam
2508 793 2720 856 sciunt

337 894 465 958 viri
503 891 699 971 docti,
742 895 808 958 et
844 913 1150 978 perquam
1190 913 1337 959 sane
1376 896 1622 958 mirum
1662 899 1760 959 est
1782 895 2308 960 obscurissimum
2331 895 2719 961 vocabulum

336 1017 542 1082 neque
584 999 653 1062 in
699 997 1223 1084 locupletissimis
1269 1000 1349 1065 ad
1396 999 1604 1064 Ranas
1652 999 1911 1065 scholiis
1957 1021 2160 1085 neque
2205 999 2361 1066 alibi
2410 1005 2718 1086 usquam,

340 1104 507 1189 quod
553 1106 752 1169 sciam
771 1152 786 1182 ,
836 1125 873 1169 a
918 1107 1361 1190 grammaticis
1402 1103 1854 1170 Alexandrinis
1891 1104 2287 1190 explicatum
2327 1127 2478 1172 esse.
2529 1106 2724 1192 Equi-

338 1211 483 1274 dem
530 1231 690 1274 num
736 1231 965 1274 sanum
1010 1212 1093 1275 sit
1142 1210 1442 1275 dubitans
1460 1257 1477 1287 ,
1531 1216 1862 1297 propterea
1909 1201 2081 1296 quod
2127 1211 2424 1297 Euripidi
2471 1235 2721 1296 πανουρ-

337 1315 486 1392 γίαν
533 1316 813 1381 tribuere
859 1320 1073 1380 noster
1120 1313 1317 1394 solet,
1366 1317 1637 1381 conieci:

607 1419 764 1485 ἔνθεν
814 1419 867 1484 δ’
914 1418 1109 1487 αὖτε
1160 1425 1627 1502 πανοῦργος
1675 1437 1817 1488 κτλ.

335 1521 629 1698 Αᾱ7αὖτε
669 1527 749 1591 cf.
789 1524 977 1611 Vesp.
1025 1526 1219 1591 1015.
1261 1525 1432 1591 Nub.
1478 1525 1631 1593 595.
1674 1525 1919 1594 Cratin.
1956 1525 2019 1592 11
2068 1528 2192 1592 111
2221 1528 2371 1610 (M.)
2395 1527 2721 1617 Metagen.

331 1631 396 1697 H
486 1630 591 1697 51.
2022 1692 2023 1695 ,

427 1834 529 1901 Vs.
582 1834 735 1902 905.
1666 1829 1824 1900 οὕτω
1874 1833 1927 1898 δ’
1974 1830 2132 1908 ὅπως
2184 1835 2404 1916 ἐρεῖτον

605 1943 832 2008 οἰστεῒα
881 1940 989 2006 καὶ
1036 1941 1187 2017 μήτ’
1237 1938 1563 2012 εἰκόνας
1609 1940 1754 2017 μήθ’
1803 1933 1877 2005 οἷ’
1924 1937 2001 2004 ἂν
2051 1937 2244 2012 ἄλλος
2293 1939 2473 2007 εἴποι.

334 2047 431 2112 De
483 2050 647 2113 vitio
696 2051 1067 2134 suspectum
1112 2047 1316 2114 habeo
1366 2043 1600 2118 εἰκόνας
1621 2095 1638 2124 ,
1689 2045 2122 2111 simibitudinec
2140 2094 2157 2126 ‚
2208 2047 2679 2130 comparationes
2697 2097 2714 2127 ,

208 2155 217 2160 '
332 2153 623 2234 imayines
641 2201 658 2232 ‚
724 2154 957 2239 quibus
1020 2174 1133 2219 cur
1194 2154 1510 2219 abstinere
1572 2152 1843 2218 debeant
1896 2152 2085 2218 ambo
2131 2157 2354 2237 poetae
2400 2153 2720 2241 haudqua-

335 2280 533 2345 quam
578 2279 895 2345 assequor.
943 2259 1207 2324 Accedit
1245 2258 1413 2344 quod
1450 2260 1565 2325 vix
1602 2263 1775 2324 recte
1813 2261 2051 2343 opponi
2071 2259 2325 2324 videtur
2348 2281 2716 2346 praegresso

330 2368 581 2432 ἀστεῖα.
644 2366 1037 2451 Expectatur
1100 2365 1269 2450 quod
1331 2367 1405 2430 de
1466 2364 1646 2428 trivio
1693 2370 1944 2428 sumtum
1990 2365 2309 2451 significet
2327 2414 2342 2444 ,
2395 2366 2505 2434 sed
2549 2367 2716 2432 mihi

340 2472 599 2556 quidem
646 2471 813 2537 nihil
858 2474 993 2558 apti
1041 2473 1375 2536 succurrit.

424 2687 528 2755 Vs.
580 2685 734 2755 925.
784 2686 926 2754 δείν’
972 2685 1144 2755 ἅττα
1194 2684 1591 2769 μορμόρωπα.

336 2794 699 2883 Hesychius
738 2794 1032 2876 μόρμορος
1056 2814 1069 2860 :
1114 2800 1169 2873 Φ
1189 2792 1284 2871 όβ
1303 2817 1330 2858 ο
1350 2818 1401 2863 ς.
1448 2793 1551 2857 An
1588 2797 1644 2875 φ
1660 2816 1688 2857 ο
1706 2792 1756 2872 β
1774 2818 1802 2857 ε
1818 2816 1848 2875 ρ
1867 2791 1897 2859 ό
1915 2791 1989 2867 6?
2035 2792 2204 2860 Nam
2224 2791 2517 2877 μόρμορος
2542 2796 2716 2867 idem

339 2922 474 2967 esse
516 2902 774 2967 videtur
820 2901 991 2986 quod
1035 2899 1459 2965 Homericum
1505 2897 1824 2981 μέρμερος.

424 3117 529 3184 Vs.
583 3084 777 3185 108'2.
825 3118 931 3184 καὶ
978 3116 1352 3200 φασκούσας
1399 3118 1463 3183 οὐ
1515 3115 1624 3198 ζῆν
1669 3117 1741 3181 τὸ
1791 3115 1917 3197 ζῆν.

336 3224 610 3313 Blaydes
672 3224 905 3302 ‚‚Latet
923 3272 938 3302 ,
990 3227 1234 3310 opinor,
1284 3224 1612 3288 mendum.
1662 3222 1805 3287 Hoc
1856 3224 2030 3289 enim
2076 3243 2264 3288 sensu
2309 3225 2713 3291 scribendum

336 3332 560 3397 fuisset
606 3333 823 3417 potius
869 3332 935 3395 οὐ
982 3328 1089 3410 ζῆν
1137 3324 1291 3394 εἶναι
1341 3329 1410 3394 τὸ
1456 3328 1585 3410 ζῆν.
1627 3328 1802 3393 Fort.
1852 3329 1918 3393 οὔ
1958 3327 2065 3410 ζῆν
2105 3327 2177 3393 τὸ
2210 3328 2388 3410 ζῶν.”
2436 3331 2507 3396 Si
2543 3334 2716 3397 iusta

338 3440 420 3501 sit
468 3440 591 3504 viri
637 3437 992 3501 doctissimi
1041 3436 1297 3501 offensio
1318 3484 1334 3513 ,
1377 3438 1511 3499 sine
1558 3437 1920 3500 mutatione
1966 3434 2148 3502 edere
2189 3437 2494 3503 sufficiat:

601 3543 705 3608 καὶ
753 3541 1127 3625 φασκούσας
1178 3538 1285 3620 „be
1335 3542 1443 3623 ζῆν
1490 3540 1560 3605 τὸ
1612 3538 1782 3619 ζῆν.”

338 3647 521 3735 idque
567 3650 834 3716 fortasse
880 3652 1179 3734 praestat.

426 3848 530 3917 Vs.
585 3848 782 3916 1132.
843 3848 849 3854 ’

418 3956 641 4022 Bacch.
693 3956 1017 4039 Αἰσχύλε,
1066 3960 1339 4036 παραινῶ
1386 3978 1477 4021 σοι
1525 3958 1800 4021 σιωπᾶν·
1855 3956 1905 4021 εἰ
1956 3954 2018 4021 δὲ
2067 3958 2192 4035 μὴ,

594 4064 598 4069 ’
693 4062 881 4142 πρὸς
930 4060 1197 4143 τρισὶν
1244 4062 1714 4142 ἰαμβείοισι
1765 4062 2333 4142 προσοΦεΙλων
2371 4068 2638 4143 Φανεῒ.

426 4168 647 4233 Aesch.
698 4168 819 4244 ἐγὼ
868 4172 1071 4232 σιωπῶ
1118 4164 1309 4247 τῷ3ε;

340 4270 441 4335 Vs.
492 4272 687 4350 1133,
752 4294 943 4358 quem
989 4292 1180 4337 nemo
1225 4270 1552 4359 intellegit
1570 4320 1585 4350 ,
1651 4278 2026 4359 corruptum
2070 4273 2346 4338 habebat
2388 4274 2710 4342 Meineke.

338 4374 470 4463 Ego
529 4379 738 4442 nescio
778 4398 879 4459 ⁸an
942 4379 1027 4442 sit
1085 4379 1383 4463 ineptum
1430 4380 1641 4443 nescio
1691 4380 1875 4443 cuius
1921 4377 2104 4443 scioli
2152 4377 2670 4464 supplementum
2690 4430 2706 4459 ,

342 4501 462 4565 quo
506 4482 749 4550 abiecto
794 4483 1139 4550 ediderim:
