3351 5463
1435 371 1670 421 mvrus.
2698 355 2738 421 9

445 539 694 606 Seclusi
741 539 910 625 quod
954 537 1368 602 manifestum
1415 537 1674 602 videtur
1720 537 2044 624 glossema
2063 587 2076 614 ‚
2130 559 2278 602 nam
2315 537 2632 620 principes
2677 542 2744 601 et

341 655 562 730 patres
624 649 688 711 h.
736 646 783 710 l.
847 645 1044 711 iidem
1113 650 1261 709 sunt
1278 693 1293 720 ,
1362 646 1473 728 qui
1537 643 1692 709 alibi
1738 648 2155 710 nominantur
2200 645 2461 707 seniores
2492 650 2743 725 patrum

351 754 444 833 (3.
475 753 584 817 63.
619 752 736 828 11·;
783 751 888 816 65.
921 751 1051 830 10),
1099 750 1201 815 vel
1228 751 1525 831 primores·
1556 758 1805 831 patrum
1846 751 1933 830 (2.
1963 749 2071 814 44.
2100 749 2173 828 4;
2202 749 2264 814 3.
2296 749 2401 814 36.
2431 749 2508 826 4;
2562 748 2668 814 63.
2699 748 2739 813 6

353 864 419 924 et
496 858 628 937 11),
713 856 821 922 vel
890 857 1189 938 primores
1271 855 1539 918 civitatis
1621 856 1712 936 (2.
1742 855 1847 920 39.
1880 856 1918 919 6
1935 876 1952 933 ;
2033 854 2091 920 3.
2122 854 2226 919 35.
2257 855 2325 934 2)
2399 861 2463 919 et
2535 855 2741 920 denuo

340 964 666 1048 principes
728 963 792 1027 2.
821 959 927 1029 27.
960 961 1064 1026 12.
1125 960 1250 1024 Η16
1311 963 1654 1046 opponitur
1714 962 2004 1025 militari-s·
2066 969 2232 1024 actae
2293 961 2513 1038 omnis,
2581 981 2741 1046 quae

355 1068 900 1156 complectebatur
943 1068 1207 1131 iuniores
1247 1075 1490 1149 patrum
1533 1072 1599 1132 et
1647 1067 1944 1152 plebeios.

451 1174 817 1241 Gronovius
875 1173 1088 1238 locum
1148 1176 1242 1237 ita
1301 1174 1736 1257 interpunxit:
1804 1174 2009 1258 affecti
2056 1174 2339 1257 plerique
2371 1171 2739 1255 principum.

355 1283 612 1345 Patrum
678 1281 869 1345 maior
925 1302 1082 1362 pare
1101 1329 1116 1356 ,
1179 1279 1470 1342 militaris
1517 1281 1672 1364 fere
1734 1286 1900 1342 aetas
1966 1279 2186 1342 omnic.-
2249 1286 2318 1342 ut
2370 1300 2424 1343 e.
2468 1301 2528 1364 q.
2571 1299 2619 1343 s.
2669 1284 2745 1342 ut

355 1389 516 1453 11666
560 1387 790 1451 referre
834 1388 1133 1451 videatur
1179 1385 1627 1450 tantummodo
1675 1385 1755 1450 ad
1802 1387 2102 1470 patricios
2122 1433 2138 1462 ,
2191 1387 2425 1469 partim
2475 1387 2747 1449 seniores

356 1499 646 1576 (patres),
709 1494 948 1577 partim
1010 1493 1291 1564 iuniores
1356 1492 1562 1571 (milit.
1630 1496 1844 1572 aetas),
1911 1491 2082 1576 quod
2143 1496 2357 1555 tamen
2418 1491 2745 1578 redarguit

361 1619 633 1686 sequens
681 1600 1014 1663 sententia.

453 1825 507 1868 c.
562 1803 665 1867 10.
698 1802 802 1868 13.
861 1802 1109 1864 Tribuni
1154 1823 1348 1864 coram
1394 1803 1460 1864 in
1489 1802 1648 1886 foro
1686 1783 2018 1882 personare
2038 1801 2331 1886 fabulam
2374 1801 2747 1882 compositam

375 1911 434 1975 V
427 1911 574 1973 oleci
620 1909 764 1972 belli
814 1956 828 1972 .
857 1958 874 1974 .
904 1957 916 1972 .
965 1930 1144 1971 novos
1189 1907 1382 1971 hostes
1422 1907 1632 1991 quaeri
1684 1955 1697 1970 .
1730 1955 1743 1969 .
1775 1954 1789 1970 .
1840 1907 2054 1970 bellum
2090 1907 2357 1969 innoxii-5
2396 1907 2743 1970 Antiatibus

361 2015 594 2092 indici,
660 2013 797 2095 yeri
869 2036 997 2076 cum
1052 2013 1232 2094 plebe
1292 2014 1565 2075 Romana
1615 2059 1629 2075 .
1658 2058 1674 2076 .
1710 2059 1723 2076 .
1771 2012 1859 2074 cic
1878 2059 1893 2090 ,
1956 2034 2045 2074 ne
2102 2011 2253 2095 quid
2312 2011 2491 2075 aliud
2551 2019 2745 2077 actum

348 2127 610 2204 putent,
659 2119 872 2182 victam
925 2118 1106 2198 leyem
1153 2116 1623 2197 (Terentiliam)
1672 2139 1812 2180 ecce.

462 2226 631 2290 Puto
695 2224 961 2289 Livium
1021 2224 1342 2308 scripsisse
1395 2224 1482 2286 cic
1532 2260 1618 2271 —
1663 2245 1801 2286 nec
1846 2221 1997 2306 quid
2039 2223 2123 2286 al.
2174 2246 2230 2286 a.
2269 2230 2490 2304 putent
2538 2261 2623 2271 —-
2673 2229 2750 2288 ut

365 2330 424 2395 5.
461 2329 567 2394 53.
595 2329 636 2394 3
701 2352 802 2410 eqo
863 2337 1071 2392 contra
1119 2365 1204 2377 —
1251 2353 1358 2392 nec
1418 2330 1489 2393 id
1545 2328 1757 2392 mirati
1818 2329 1956 2391 sitis
1973 2376 1989 2405 ,
2042 2329 2400 2413 priusquam
2445 2330 2623 2413 quale
2668 2329 2759 2392 cit

365 2436 693 2502 audieritis
739 2472 824 2482 —
873 2437 1050 2499 etiam
1097 2457 1150 2500 e.
1179 2458 1238 2521 q.
1265 2457 1314 2499 s.
1364 2434 1510 2498 Alia
1556 2437 1721 2498 ratio
1768 2439 1867 2498 est
1911 2436 1981 2497 in
2028 2440 2178 2497 nota
2224 2433 2503 2498 formula
2528 2425 2592 2498 9'.
2621 2436 2678 2499 1.
2708 2434 2749 2499 3

363 2567 440 2606 ne
477 2542 645 2606 nihil
681 2548 874 2605 actum
892 2590 909 2618 ‚
953 2541 1188 2626 inquit,
1230 2543 1343 2604 bac
1381 2541 1677 2620 leqatione
1716 2539 2005 2602 censeatis
2021 2587 2037 2616 ,
2071 2541 2373 2620 expiatum
2404 2547 2490 2603 est
2526 2562 2581 2607 6.
2609 2563 2668 2625 q.
2698 2564 2749 2606 s.

361 2649 468 2728 (cf.
542 2649 650 2713 22.
684 2647 787 2712 18..
817 2645 877 2724 9,
951 2646 1136 2726 6116),
1204 2649 1272 2710 111
1347 2646 1577 2731 quibus
1644 2646 1959 2709 sententia
2032 2649 2333 2731 negativa
2394 2649 2752 2712 annectitur

362 2777 476 2841 per
557 2754 884 2821 intellecta
949 2754 1146 2819 verba
1237 2753 1450 2838 „quod
1517 2751 1660 2817 ideo
1733 2750 1939 2815 dico''.
2033 2749 2130 2818 Of.
2204 2752 2427 2818 Madv.
2499 2754 2574 2819 de
2644 2753 2751 2818 fin.

363 2886 427 2949 p.
480 2860 633 2928 275.

454 3101 506 3145 6.
559 3078 800 3143 11.11.
878 3076 1074 3144 06660
1139 3076 1512 3157 Quinctius,
1578 3077 1755 3142 ferox
1816 3080 2103 3155 iuvenis,
2165 3098 2321 3143 voce
2383 3085 2447 3142 et
2506 3079 2753 3144 viribus

363 3184 502 3271 legi
570 3185 950 3249 tribuniciae
1021 3204 1171 3248 cum
1241 3184 1520 3248 obstaret
1539 3232 1553 3259 ,
1627 3185 1702 3247 Α.
1779 3184 1838 3248 V
1830 3184 2098 3265 eryinius
2159 3207 2231 3247 ex
2290 3185 2535 3265 colleyio
2596 3208 2753 3248 unus

373 3290 626 3354 Caesoni
687 3290 843 3353 diem
906 3289 1108 3352 dixit:
1158 3287 1275 3353 Ille
1339 3309 1410 3353 eo
1476 3291 1685 3353 acrius
1748 3290 2054 3354 tribunos·
2098 3291 2448 3353 insectatur
2498 3337 2511 3354 .
2542 3337 2557 3352 .
2589 3338 2603 3354 .
2650 3290 2751 3353 Ibi

363 3397 558 3459 multa
603 3416 781 3476 caepe
827 3395 899 3457 ab
946 3394 1250 3457 iuventute
1296 3394 1628 3457 inconsulte
1679 3394 1841 3457 dicta
1874 3396 2179 3480 factaque
2224 3394 2291 3457 in
2329 3396 2509 3457 unius
2552 3397 2755 3459 Caeco-

365 3502 464 3566 nis
527 3507 856 3583 suspectum
919 3500 1302 3563 incidunt
1363 3500 1681 3581 inqeniurn.
1735 3501 1951 3563 Tamen
1997 3500 2116 3581 leqi
2162 3499 2751 3577 resistebatur,-

363 3615 424 3672 et
471 3611 546 3671 A.
611 3608 669 3670 V
662 3606 929 3686 eryiniue
975 3605 1300 3668 identidem
1335 3606 1508 3687 plebi
1525 3632 1544 3667 .·
1614 3607 1869 3690 „ecquid
1910 3606 2150 3669 sentitis
2194 3606 2315 3668 iam
2361 3628 2461 3670 voc
2480 3655 2495 3684 ,
2553 3606 2755 3687 Quiri-

365 3722 455 3777 tes
471 3760 487 3789 ‚
564 3713 874 3775 Caesonem
931 3706 1114 3774 simul
1173 3710 1354 3773 civem
1418 3718 1474 3774 et
1535 3712 1713 3791 leyem
1738 3760 1752 3785 ,
1815 3734 1989 3795 quam
2050 3712 2271 3793 cupitis
2288 3759 2304 3788 ‚
2367 3712 2581 3775 habere
2624 3735 2755 3775 ·n0n

353 3818 631 3902 posce?''
1543 3826 1552 3833 ’

375 3964 382 3969 ·
459 3923 668 3989 Silent
730 3925 1108 4009 interpretes
1171 3922 1247 3987 de
1297 3924 1610 3987 sententia
1657 3924 1811 3986 satis
1857 3928 2074 3987 tamen
2120 3924 2402 3989 obscura.
2467 3924 2756 3987 Iuventus

367 4053 448 4097 ex
494 4050 620 4094 usu
665 4030 936 4094 Liviano
984 4050 1135 4093 cum
1181 4028 1333 4093 alibi
1379 4033 1526 4092 tum
1569 4030 1638 4091 in
1693 4011 1811 4092 hac
1866 4030 2005 4112 ipsa
2058 4032 2414 4095 narratione
2466 4050 2517 4095 c.
2580 4028 2683 4093 12.
2710 4028 2753 4093 2

365 4141 524 4201 sunt
584 4138 850 4200 iuvenes
907 4134 1150 4199 nobiles
1168 4184 1185 4213 ,
1251 4140 1590 4199 sectatores
1656 4131 1975 4199 Caesonis.
2038 4134 2262 4219 Itaque
2320 4139 2590 4220 scriptor
2635 4136 2756 4199 hoc

365 4240 656 4309 voluisse
693 4241 982 4306 videtur:
1026 4240 1373 4325 „quicquid
1412 4245 1783 4325 arroganter
1821 4242 1889 4304 in
1928 4240 2182 4324 plebem
2224 4240 2457 4326 reliqui
2492 4244 2756 4305 iuvenes

367 4348 731 4427 „faciebant
772 4345 1184 4430 dicebantque
1203 4394 1219 4423 ,
1268 4346 1335 4409 id
1383 4348 1496 4411 uni
1545 4343 1811 4411 Caesoni
1853 4348 2069 4425 (unius
2119 4343 2417 4413 Caesonis
2464 4350 2755 4430 suspecto

369 4457 699 4542 „ingenio)
759 4452 1268 4538 imputabatur.’'
1341 4451 1466 4517 Sed
1510 4453 1771 4518 haecine
1816 4454 2037 4516 insunt
2082 4454 2150 4516 in
2200 4453 2389 4517 verbo
2436 4448 2755 4515 incidunt?
