3351 5463
1208 397 1709 446 AmeroPuANRe.
2526 381 2659 447 203

290 565 421 648 πρὸς
484 567 593 641 την
654 567 885 632 ἑαυτῶν
944 563 1152 644 χάραν
1202 565 1304 629 καὶ
1353 563 1455 628 τὸν
1504 562 1648 629 ἴδιον
1695 562 1884 628 τόπον
1934 564 2068 647 [καὶ
2121 563 2286 647 dele]
2335 565 2438 630 τὸν
2484 567 2657 647 παρὰ

288 674 597 737 θάλατταν
648 673 1115 752 ὑποχωρήσατε,
1180 670 1283 735 κα)
1335 671 1421 749 μὴ
1471 676 1589 735 τῶν
1638 671 1976 750 ἀλλοτρίων
2023 671 2464 738 ἀντιποιεῖσθε·
2514 687 2656 737 κτλ.

286 779 565 844 Absurde
605 778 810 865 vulgo
850 800 983 843 non-
1026 777 1333 842 inciditur
1378 783 1523 843 ante
1572 777 1908 856 εἷρηνεῢσαι
1958 777 2069 842 sed
2113 782 2260 862 poet
2307 778 2654 843 θάλατταν.

365 907 459 952 vs,
509 883 661 963 535,
692 883 754 948 3.
802 883 1077 969 Supplex
1129 882 1508 962 τρνγοίπουε·
1546 884 1918 962 διυλιστῆρος
1971 882 2005 957 ἢ
2053 883 2461 962 πλέγματος,
2515 883 2657 949 ἔνθα

282 992 429 1069 (την
476 992 681 1071 τρύγα
728 993 887 1066 την)
938 991 1003 1054 ἐκ
1054 994 1160 1054 τοῦ
1210 993 1390 1062 ληνοῦ
1446 988 1722 1054 εἰώθασιν
1772 987 2089 1070 ἔκπιέζειν.

362 1120 455 1164 vs·
502 1097 793 1175 536,11.
834 1095 1113 1183 Supple:
1157 1096 1365 1174 ὄλίγον
1407 1118 1469 1159 τι
1511 1095 2050 1161 κολπώσασαιτοῦ
2074 1101 2329 1177 χιτῶνος
2357 1095 2425 1160 ἐκ
2450 1099 2654 1175 (τοῦ)

280 1204 709 1286 περιζώματος.

358 1333 453 1377 ve.
505 1309 657 1389 565,
688 1309 797 1374 39.
858 1309 1131 1395 Supple:
1185 1308 1559 1373 πανδαισίαν
1610 1307 1671 1372 δὲ
1719 1307 2025 1387 (λέγειν)
2067 1307 2179 1381 την
2225 1308 2506 1384 ποικίλην
2549 1307 2654 1372 καὶ

280 1419 341 1481 ἐκ
388 1416 688 1496 διαφόρων
735 1415 1029 1497 εὐωχίαν,
1080 1413 1302 1479 deinde
1345 1416 1591 1499 corrige
1638 1409 1788 1478 ὅταν
1835 1411 2099 1506 ἕκαστος,
2142 1413 2226 1479 τα
2269 1413 2487 1478 ἑαυτοῦ
2526 1411 2656 1494 ὄψα

279 1523 587 1604 ἀπενὲγκη
647 1527 786 1607 (pro
836 1522 1158 1601 ἀνενέγκη)
1224 1520 1327 1584 κα)
1393 1543 1490 1584 κα
1512 1531 1596 1602 (τ
1620 1523 1983 1598 α>θῆται
2035 1521 2116 1590 εἷς
2167 1519 2235 1584 τὸ
2284 1517 2471 1586 κοινόν
2522 1521 2655 1586 κτέ.

280 1629 438 1694 Tum
501 1627 773 1694 absurde
840 1627 1115 1714 legitur:
1184 1623 1239 1692 οἳ
1312 1625 1375 1690 δὲ
1438 1627 1817 1692 πανδαισίαν
1887 1625 2272 1708 λάχανόν
2345 1649 2439 1705 τι,
2512 1625 2658 1706 ἔχον

279 1743 555 1801 παντοῖον
618 1732 893 1813 ἔδεσμα,
959 1734 1070 1799 sed
1132 1733 1350 1798 nuHus
1407 1733 1627 1798 dubito
1678 1737 1834 1818 quin
1880 1755 2110 1799 verum
2157 1735 2244 1798 eit
2292 1731 2517 1798 πάτα
2538 1731 2617 1797 νο’
2633 1757 2662 1796 ν

281 1867 334 1908 τι
379 1848 491 1908 aut
538 1839 960 1907 πλάθανόν
1011 1863 1108 1905 τι.

362 1970 456 2014 vs,
523 1944 677 2026 574,
704 1946 813 2012 22.
887 1943 1057 2013 Cum
1118 1948 1350 2013 vitioso
1416 1950 1680 2011 accentu
1743 1938 2043 2011 παλάθων
2099 1945 2312 2010 editur
2371 1965 2487 2030 pro
2548 1967 2667 2009 πα-

280 2055 491 2118 λαθῶν.

360 2181 454 2226 VS.
505 2158 659 2238 595,
694 2159 777 2224 16
840 2159 1046 2239 χίδρον
1108 2161 1176 2224 τὸ
1239 2159 1364 2224 ἀπὸ
1429 2159 1661 2234 ἔλύμου
1724 2157 2042 2240 γινόμενον
2103 2155 2361 2236 ὄσπριον,
2425 2154 2660 2234 ἔδεσμα

278 2267 445 2344 περὶ
500 2266 851 2351 Καρίαν,
905 2265 1032 2341 ἤτοι
1082 2266 1151 2330 τὸ
1200 2268 1326 2331 ἀπὸ
1375 2271 1627 2347 χλωρῶν
1679 2267 1900 2349 κριθῶν,
1953 2255 2007 2328 οἳ
2054 2263 2118 2329 δὲ
2165 2259 2319 2336 εἶδος
2366 2263 2660 2340 βοτάνης.

360 2374 616 2438 Atticus
638 2421 654 2449 ,
704 2394 829 2439 non
880 2369 1141 2439 Gai-icus
1162 2421 1178 2449 ,
1229 2372 1409 2437 cibus
1458 2378 1638 2437 erant
1687 2371 1770 2436 τα
1819 2370 2044 2450 χῖδρα,
2093 2392 2208 2435 nec
2255 2371 2527 2435 dubium
2567 2376 2663 2436 est

280 2481 426 2563 quin
512 2487 1027 2543 nePIKAPIAN
1114 2483 1477 2542 monstrum
1562 2476 1712 2541 alat.
1788 2474 2262 2562 Corrigendum
2335 2479 2656 2561 suspicor:

278 2583 503 2660 ἔδεσμα
568 2567 1109 2648 ΤΙΕρΕΙΚΤΟΝ
1164 2586 1231 2663 (i.
1276 2605 1329 2648 e.
1382 2607 1439 2647 τι
1488 2583 1780 2663 ε’ρεικτὸν)
1823 2621 1909 2632 -
1961 2583 2087 2648 ἀπὸ
2136 2588 2388 2663 χλωρῶν
2435 2583 2660 2662 κριθῶν,

278 2686 325 2757 οἳ
371 2691 431 2755 δὲ
479 2686 639 2761 εἶδος
688 2688 995 2768 βοτάνης,
1047 2695 1121 2755 ut
1169 2710 1320 2755 mox
1366 2689 1643 2776 legitur:
1687 2686 1920 2761 ἄλλως.
1971 2689 2302 2770 ἐρεικτα
2353 2689 2419 2754 ἐκ
2461 2691 2658 2771 κριθῆς

277 2784 407 2870 νέας
471 2795 772 2874 γινόμενα
836 2801 898 2862 et
963 2796 1189 2862 deinde
1236 2793 1385 2860 οὕτω
1436 2798 1539 2861 καὶ
1596 2801 1853 2860 καλοῦσι
1903 2797 1971 2861 τὸ
2023 2798 2091 2860 ἐκ
2141 2796 2337 2874 πυρῶν
2387 2799 2677 2883 ἀληλεσ(

278 2902 462 2979 μένων
510 2903 736 2980 βρῶμα
786 2903 889 2967 καὶ
939 2902 1022 2966 τά
1072 2905 1139 2967 ἐκ
1181 2909 1399 2979 νεαρῶν
1440 2905 1642 2989 κριθῶν
1685 2899 1917 2980 ἀλευρα
1941 2950 1956 2979 ,
1999 2924 2278 2987 quorum
2318 2903 2663 2967 verborum

280 3030 393 3095 ope
453 3010 717 3073 fortasse
779 3011 1155 3073 universum
1214 3008 1431 3073 locum
1493 3012 1583 3073 sic
1646 3012 1981 3073 restituere
2046 3008 2235 3074 licet:
2288 3006 2539 3085 ’ἔδεσμά
2584 3032 2658 3073 τι

282 3116 596 3193 ἕρεικτό
613 3140 642 3179 ν
660 3165 677 3194 ,
728 3117 856 3191 ἤτοι
906 3116 977 3180 τὸ
1026 3116 1201 3192 (ἀπὸ
1252 3117 1448 3192 πυρῶν
1496 3114 1530 3188 ἢ
1580 3115 1702 3191 τὸ)
1750 3116 1876 3179 ἀπὸ
1924 3120 2177 3196 χλωρῶν
2226 3118 2450 3194 κριθῶν,
2500 3106 2552 3179 οἳ
2600 3116 2662 3180 δὲ

282 3217 430 3292 εἶδος
477 3222 772 3299 βοτάνης.

367 3351 461 3394 vs,
504 3327 658 3405 603,
684 3327 792 3407 24,
821 3327 929 3393 25.
969 3328 1255 3415 Egregio
1294 3330 1587 3393 acumine
1612 3327 2022 3393 doctissimus
2046 3348 2172 3392 van
2196 3326 2660 3414 Wageningen,

284 3434 633 3520 discipulus
677 3434 881 3520 quond
892 3455 997 3499 am
1043 3456 1226 3499 meus
1244 3481 1260 3511 ,
1309 3434 1694 3499 Archilocho
1741 3439 1808 3498 et
1855 3431 2115 3501 Cratino
2163 3432 2438 3497 reddidit
2502 3429 2543 3496 ὦ
2563 3448 2602 3497 λ
2622 3456 2668 3497 ι-

284 3551 673 3620 περνῆτες
736 3544 805 3624 (i.
856 3563 911 3606 e.
976 3537 1017 3604 ὦ
1081 3541 1511 3621 ἀλιπερνῆτες)
1576 3547 1832 3604 πολῖται
1895 3562 2007 3626 pro
2069 3536 2112 3603 ὦ
2175 3547 2528 3614 λιπερνῆτες
2594 3542 2663 3603 in

281 3645 441 3712 libro
459 3696 476 3725 ‚
520 3667 713 3731 quem
758 3649 829 3711 in
876 3648 1184 3711 honorem
1232 3646 1433 3711 Konti
1478 3646 1886 3711 Atheniensis
1933 3648 2414 3730 composuimus
2461 3644 2668 3731 philo-

284 3750 414 3837 logi
460 3751 712 3819 Batavi.

367 3880 461 3923 ve.
514 3856 665 3936 605,
696 3857 781 3921 43
831 3859 938 3931 την
988 3868 1107 3935 γῆν
1156 3858 1379 3930 αὐτοὺς
1434 3857 1896 3943 (Megarenses)
1944 3858 2287 3934 αἰτιώμενοι
2336 3858 2445 3931 την
2493 3859 2663 3937 ἱεράν

285 3972 401 4034 τοῖς
474 3966 626 4036 θεοῖς
697 3970 847 4044 (τοῖν
920 3966 1065 4028 θεοῖν
1086 3963 1137 4046 7)
1204 3960 1855 4045 ἀπεργάζεσθαι.
1927 3965 2276 4049 Proprium
2335 3967 2405 4028 in
2467 3986 2538 4029 ea
2598 3986 2665 4030 re

285 4071 551 4135 verbum
612 4076 707 4135 est
774 4070 1258 4149 ἐπεργάζεσθαι,
1335 4071 1503 4156 quod
1564 4072 1844 4135 fortasse
1894 4074 2136 4137 iterum
2196 4069 2668 4136 restituendum

290 4182 380 4241 est
437 4177 481 4242 l.
541 4175 626 4241 59
668 4197 798 4261 sq.:
863 4176 1221 4252 ἐγκαλέσας
1291 4181 1692 4257 Μεγαρεῦσιν
1739 4179 1812 4249 ὥς
1867 4178 1976 4251 τὴν
2026 4177 2191 4256 ἱεροὶν
2237 4175 2474 4257 ὀργάδα
2521 4182 2664 4240 ταῖν

291 4283 445 4347 θεαῖν
492 4282 1131 4363 ἐργασαμένοις.
1191 4338 1196 4342 .

374 4411 466 4455 ve.
518 4388 670 4467 609,
701 4388 788 4455 23
850 4390 1005 4461 τινὲς
1056 4390 1119 4456 δέ
1167 4395 1365 4471 φασιν
1413 4385 1505 4455 ὅτι
1553 4388 1905 4466 ἔπλεέεν
1956 4392 2243 4461 αὐτοῖς
2292 4388 2451 4469 (scil.
2501 4398 2672 4469 Περι-

292 4502 481 4578 κλῆς).
528 4496 669 4561 Iam
714 4496 876 4561 olim
923 4498 1372 4583 corrigendum
1420 4518 1554 4563 esse
1593 4498 1819 4561 monui
1857 4491 1947 4561 ὅτι
1999 4494 2350 4593 ἔκλεψεν
2396 4492 2665 4568 αὐτός.
