<?xml version="1.0" encoding="UTF-8"?>
<!DOCTYPE html PUBLIC "-//W3C//DTD XHTML 1.0 Transitional//EN"
    "http://www.w3.org/TR/xhtml1/DTD/xhtml1-transitional.dtd">
<html xmlns="http://www.w3.org/1999/xhtml" xml:lang="en" lang="en">
 <head>
  <title>
</title>
<meta http-equiv="Content-Type" content="text/html;charset=utf-8" />
  <meta name='ocr-system' content='tesseract 3.04.00' />
  <meta name='ocr-capabilities' content='ocr_page ocr_carea ocr_par ocr_line ocrx_word'/>
</head>
<body>
  <div class='ocr_page' id='page_1' title='image "./mnemosynevolume04verdgoog_0028.png"; bbox 0 0 3351 5463; ppageno 0'>
   <div class='ocr_carea' id='block_1_1' title="bbox 764 370 2074 438">
    <p class='ocr_par' dir='ltr' id='par_1_1' title="bbox 764 370 2074 438">
     <span class='ocr_line' id='line_1_1' title="bbox 764 370 2074 438; baseline -0.003 0"><span class='ocrx_word' id='word_1_1' title='bbox 764 370 847 438; x_wconf 80' lang='lat'><strong>18</strong></span> <span class='ocrx_word' id='word_1_2' title='bbox 1838 384 2074 436; x_wconf 70' lang='lat' dir='ltr'><strong>nnus.</strong></span> 
     </span>
    </p>
   </div>
   <div class='ocr_carea' id='block_1_2' title="bbox 760 548 3180 2007">
    <p class='ocr_par' dir='ltr' id='par_1_2' title="bbox 762 548 3180 946">
     <span class='ocr_line' id='line_1_2' title="bbox 850 548 3177 637; baseline -0.001 -19"><span class='ocrx_word' id='word_1_3' title='bbox 850 574 904 618; x_wconf 89' lang='lat' dir='ltr'><strong>c.</strong></span> <span class='ocrx_word' id='word_1_4' title='bbox 955 551 1061 616; x_wconf 88' lang='grc'><strong>18.</strong></span> <span class='ocrx_word' id='word_1_5' title='bbox 1089 550 1147 615; x_wconf 90' lang='grc'><strong>6.</strong></span> <span class='ocrx_word' id='word_1_6' title='bbox 1212 549 1498 614; x_wconf 84' lang='lat' dir='ltr'><strong>Manlius</strong></span> <span class='ocrx_word' id='word_1_7' title='bbox 1558 548 1815 633; x_wconf 81' lang='lat' dir='ltr'><strong>plebem</strong></span> <span class='ocrx_word' id='word_1_8' title='bbox 1878 549 2182 614; x_wconf 87' lang='lat' dir='ltr'><strong>adversus</strong></span> <span class='ocrx_word' id='word_1_9' title='bbox 2242 549 2628 616; x_wconf 86' lang='lat' dir='ltr'><strong>dictatorem</strong></span> <span class='ocrx_word' id='word_1_10' title='bbox 2670 553 2945 637; x_wconf 76' lang='lat' dir='ltr'><strong>instigat</strong></span> <span class='ocrx_word' id='word_1_11' title='bbox 3000 571 3177 616; x_wconf 84' lang='lat' dir='ltr'><strong>cum</strong></span> 
     </span>
     <span class='ocr_line' id='line_1_3' title="bbox 763 655 3180 743; baseline -0.001 -21"><span class='ocrx_word' id='word_1_12' title='bbox 763 657 906 722; x_wconf 84' lang='lat' dir='ltr'><strong>aliis</strong></span> <span class='ocrx_word' id='word_1_13' title='bbox 967 659 1366 743; x_wconf 85' lang='lat' dir='ltr'><strong>arg-umentis</strong></span> <span class='ocrx_word' id='word_1_14' title='bbox 1426 659 1571 719; x_wconf 87' lang='lat' dir='ltr'><strong>tum</strong></span> <span class='ocrx_word' id='word_1_15' title='bbox 1625 656 1779 720; x_wconf 88' lang='lat' dir='ltr'><strong>hoc:</strong></span> <span class='ocrx_word' id='word_1_16' title='bbox 1827 663 2131 718; x_wconf 67' lang='lat' dir='ltr'><strong>numo-ate</strong></span> <span class='ocrx_word' id='word_1_17' title='bbox 2172 655 2385 718; x_wconf 73' lang='lat' dir='ltr'><strong>saltem</strong></span> <span class='ocrx_word' id='word_1_18' title='bbox 2428 663 2568 740; x_wconf 69' lang='lat' dir='ltr'><strong>quob</strong></span> <span class='ocrx_word' id='word_1_19' title='bbox 2613 656 2735 738; x_wconf 62' lang='lat' dir='ltr'><strong>ipsi</strong></span> <span class='ocrx_word' id='word_1_20' title='bbox 2778 655 2921 720; x_wconf 70' lang='lat' dir='ltr'><strong>citis</strong></span> <span class='ocrx_word' id='word_1_21' title='bbox 2942 705 2960 734; x_wconf 88' lang='lat'>,</span> <span class='ocrx_word' id='word_1_22' title='bbox 3018 665 3180 741; x_wconf 73' lang='lat' dir='ltr'><strong>quot</strong></span> 
     </span>
     <span class='ocr_line' id='line_1_4' title="bbox 762 761 3177 846; baseline -0.001 -18"><span class='ocrx_word' id='word_1_23' title='bbox 762 764 1139 828; x_wconf 67' lang='lat' dir='ltr'><strong>adversarios</strong></span> <span class='ocrx_word' id='word_1_24' title='bbox 1193 761 1462 826; x_wconf 74' lang='lat' dir='ltr'><strong>habeatis</strong></span> <span class='ocrx_word' id='word_1_25' title='bbox 1511 808 1527 826; x_wconf 90' lang='lat'><strong>.</strong></span> <span class='ocrx_word' id='word_1_26' title='bbox 1555 808 1570 825; x_wconf 88' lang='lat'><strong>.</strong></span> <span class='ocrx_word' id='word_1_27' title='bbox 1601 806 1619 826; x_wconf 89' lang='lat'><strong>.</strong></span> <span class='ocrx_word' id='word_1_28' title='bbox 1669 761 1908 844; x_wconf 77' lang='lat' dir='ltr'><strong>quoteni</strong></span> <span class='ocrx_word' id='word_1_29' title='bbox 1968 761 2214 824; x_wconf 71' lang='lat' dir='ltr'><strong>clientes</strong></span> <span class='ocrx_word' id='word_1_30' title='bbox 2258 761 2420 824; x_wconf 79' lang='lat' dir='ltr'><strong>circa</strong></span> <span class='ocrx_word' id='word_1_31' title='bbox 2460 762 2732 843; x_wconf 58' lang='lat' dir='ltr'><strong>cingulos</strong></span> <span class='ocrx_word' id='word_1_32' title='bbox 2757 762 3003 846; x_wconf 66' lang='lat' dir='ltr'><strong>fuistis</strong></span> <span class='ocrx_word' id='word_1_33' title='bbox 3042 786 3177 844; x_wconf 66' lang='grc' dir='ltr'><strong>ρω-</strong></span> 
     </span>
     <span class='ocr_line' id='line_1_5' title="bbox 763 867 2474 946; baseline -0.002 -12"><span class='ocrx_word' id='word_1_34' title='bbox 763 877 962 934; x_wconf 71' lang='lat' dir='ltr'><strong>tronos</strong></span> <span class='ocrx_word' id='word_1_35' title='bbox 978 917 994 946; x_wconf 92' lang='lat'><strong><em>,</em></strong></span> <span class='ocrx_word' id='word_1_36' title='bbox 1045 875 1132 932; x_wconf 76' lang='lat' dir='ltr'><strong>tot</strong></span> <span class='ocrx_word' id='word_1_37' title='bbox 1176 890 1332 932; x_wconf 78' lang='lat' dir='ltr'><strong>nunc</strong></span> <span class='ocrx_word' id='word_1_38' title='bbox 1377 869 1662 930; x_wconf 69' lang='lat' dir='ltr'><strong>adversus</strong></span> <span class='ocrx_word' id='word_1_39' title='bbox 1710 889 1891 928; x_wconf 61' lang='lat' dir='ltr'><strong>mcum</strong></span> <span class='ocrx_word' id='word_1_40' title='bbox 1936 868 1978 928; x_wconf 74' lang='lat' dir='ltr'><em>h</em></span> <span class='ocrx_word' id='word_1_41' title='bbox 1992 889 2027 930; x_wconf 90' lang='lat' dir='ltr'><strong>o</strong></span> <span class='ocrx_word' id='word_1_42' title='bbox 2044 889 2075 930; x_wconf 84' lang='lat'><em>8</em></span> <span class='ocrx_word' id='word_1_43' title='bbox 2091 873 2116 929; x_wconf 77' lang='lat' dir='ltr'><strong>t</strong></span> <span class='ocrx_word' id='word_1_44' title='bbox 2132 889 2164 929; x_wconf 81' lang='lat' dir='ltr'><strong><em>e</em></strong></span> <span class='ocrx_word' id='word_1_45' title='bbox 2180 889 2235 928; x_wconf 84' lang='lat' dir='ltr'><strong>m</strong></span> <span class='ocrx_word' id='word_1_46' title='bbox 2280 867 2474 930; x_wconf 72' lang='lat' dir='ltr'><strong>eritis.</strong></span> 
     </span>
    </p>

    <p class='ocr_par' dir='ltr' id='par_1_3' title="bbox 761 972 3173 1166">
     <span class='ocr_line' id='line_1_6' title="bbox 854 972 3173 1058; baseline -0.002 -17"><span class='ocrx_word' id='word_1_47' title='bbox 854 974 1064 1040; x_wconf 87' lang='lat' dir='ltr'><strong>Immo</strong></span> <span class='ocrx_word' id='word_1_48' title='bbox 1113 980 1199 1037; x_wconf 75' lang='lat' dir='ltr'><strong>tot</strong></span> <span class='ocrx_word' id='word_1_49' title='bbox 1243 995 1402 1036; x_wconf 73' lang='lat' dir='ltr'><strong>nm</strong></span> <span class='ocrx_word' id='word_1_50' title='bbox 1445 974 1584 1034; x_wconf 83' lang='lat' dir='ltr'><strong>adv.</strong></span> <span class='ocrx_word' id='word_1_51' title='bbox 1633 993 1814 1034; x_wconf 72' lang='lat' dir='ltr'><strong>unum</strong></span> <span class='ocrx_word' id='word_1_52' title='bbox 1859 972 1899 1034; x_wconf 74' lang='lat' dir='ltr'><em>h</em></span> <span class='ocrx_word' id='word_1_53' title='bbox 1918 978 2129 1035; x_wconf 72' lang='lat' dir='ltr'><strong>ostes</strong></span> <span class='ocrx_word' id='word_1_54' title='bbox 2174 972 2380 1049; x_wconf 71' lang='lat' dir='ltr'><strong>eritis,</strong></span> <span class='ocrx_word' id='word_1_55' title='bbox 2428 979 2838 1058; x_wconf 85' lang='lat' dir='ltr'><strong>opponuntur</strong></span> <span class='ocrx_word' id='word_1_56' title='bbox 2874 975 3055 1038; x_wconf 83' lang='lat' dir='ltr'><strong>inter</strong></span> <span class='ocrx_word' id='word_1_57' title='bbox 3096 995 3173 1037; x_wconf 85' lang='lat' dir='ltr'><strong>se</strong></span> 
     </span>
     <span class='ocr_line' id='line_1_7' title="bbox 761 1075 2849 1166; baseline -0.001 -21"><span class='ocrx_word' id='word_1_58' title='bbox 761 1082 1016 1166; x_wconf 84' lang='lat' dir='ltr'><strong>patroni</strong></span> <span class='ocrx_word' id='word_1_59' title='bbox 1059 1084 1126 1144; x_wconf 89' lang='lat' dir='ltr'><strong>et</strong></span> <span class='ocrx_word' id='word_1_60' title='bbox 1171 1099 1338 1143; x_wconf 87' lang='lat' dir='ltr'><strong>unus</strong></span> <span class='ocrx_word' id='word_1_61' title='bbox 1387 1075 1803 1144; x_wconf 80' lang='lat' dir='ltr'><strong>Cincinnatus</strong></span> <span class='ocrx_word' id='word_1_62' title='bbox 1822 1124 1839 1155; x_wconf 89' lang='lat'><strong><em>,</em></strong></span> <span class='ocrx_word' id='word_1_63' title='bbox 1889 1076 2153 1142; x_wconf 88' lang='lat' dir='ltr'><strong>clientes</strong></span> <span class='ocrx_word' id='word_1_64' title='bbox 2200 1083 2267 1140; x_wconf 90' lang='lat' dir='ltr'><strong>et</strong></span> <span class='ocrx_word' id='word_1_65' title='bbox 2310 1078 2542 1142; x_wconf 88' lang='lat' dir='ltr'><strong>hostes.</strong></span> <span class='ocrx_word' id='word_1_66' title='bbox 2840 1077 2849 1088; x_wconf 82' lang='lat'>&#39;</span> 
     </span>
    </p>

    <p class='ocr_par' dir='ltr' id='par_1_4' title="bbox 760 1182 3169 1479">
     <span class='ocr_line' id='line_1_8' title="bbox 851 1182 3169 1271; baseline -0.002 -20"><span class='ocrx_word' id='word_1_67' title='bbox 851 1185 1221 1271; x_wconf 79' lang='lat' dir='ltr'><strong>Sequuntur</strong></span> <span class='ocrx_word' id='word_1_68' title='bbox 1281 1185 1468 1248; x_wconf 89' lang='lat' dir='ltr'><strong>haec:</strong></span> <span class='ocrx_word' id='word_1_69' title='bbox 1536 1184 1875 1248; x_wconf 76' lang='lat' dir='ltr'><strong>audendum</strong></span> <span class='ocrx_word' id='word_1_70' title='bbox 1934 1191 2022 1246; x_wconf 72' lang='lat' dir='ltr'><strong>eet</strong></span> <span class='ocrx_word' id='word_1_71' title='bbox 2082 1182 2325 1266; x_wconf 62' lang='lat' dir='ltr'><strong>ahquid</strong></span> <span class='ocrx_word' id='word_1_72' title='bbox 2385 1182 2681 1248; x_wconf 67' lang='lat' dir='ltr'><strong>universis</strong></span> <span class='ocrx_word' id='word_1_73' title='bbox 2695 1235 2713 1268; x_wconf 80' lang='lat'>,</span> <span class='ocrx_word' id='word_1_74' title='bbox 2779 1191 2885 1248; x_wconf 75' lang='lat' dir='ltr'><strong>aut</strong></span> <span class='ocrx_word' id='word_1_75' title='bbox 2950 1184 3169 1246; x_wconf 71' lang='lat' dir='ltr'><strong>omnia</strong></span> 
     </span>
     <span class='ocr_line' id='line_1_9' title="bbox 760 1289 3166 1373; baseline -0 -19"><span class='ocrx_word' id='word_1_76' title='bbox 760 1291 1019 1373; x_wconf 69' lang='lat' dir='ltr'><strong>sinqulis</strong></span> <span class='ocrx_word' id='word_1_77' title='bbox 1049 1291 1370 1372; x_wconf 75' lang='lat' dir='ltr'><strong>patienda.</strong></span> <span class='ocrx_word' id='word_1_78' title='bbox 1428 1291 1553 1370; x_wconf 73' lang='lat' dir='ltr'><strong>Quo</strong></span> <span class='ocrx_word' id='word_1_79' title='bbox 1597 1311 1782 1373; x_wconf 70' lang='lat' dir='ltr'><strong>usque</strong></span> <span class='ocrx_word' id='word_1_80' title='bbox 1834 1297 2016 1366; x_wconf 80' lang='lat' dir='ltr'><strong>(me)</strong></span> <span class='ocrx_word' id='word_1_81' title='bbox 2064 1289 2625 1371; x_wconf 47' lang='lat' dir='ltr'><strong>circumspectabit&amp;</strong></span> <span class='ocrx_word' id='word_1_82' title='bbox 2643 1289 2679 1352; x_wconf 59' lang='lat'><strong>,7</strong></span> <span class='ocrx_word' id='word_1_83' title='bbox 2742 1290 2869 1370; x_wconf 69' lang='lat' dir='ltr'><strong>qu</strong></span> <span class='ocrx_word' id='word_1_84' title='bbox 2910 1291 3166 1373; x_wconf 75' lang='lat' dir='ltr'><strong>quidem</strong></span> 
     </span>
     <span class='ocr_line' id='line_1_10' title="bbox 762 1393 2267 1479; baseline -0.001 -19"><span class='ocrx_word' id='word_1_85' title='bbox 762 1397 924 1460; x_wconf 72' lang='lat' dir='ltr'><strong>mdh·</strong></span> <span class='ocrx_word' id='word_1_86' title='bbox 968 1399 1142 1460; x_wconf 81' lang='lat' dir='ltr'><strong>deero</strong></span> <span class='ocrx_word' id='word_1_87' title='bbox 1154 1419 1182 1477; x_wconf 93' lang='lat'><em>;</em></span> <span class='ocrx_word' id='word_1_88' title='bbox 1227 1417 1301 1458; x_wconf 80' lang='lat' dir='ltr'><strong>ne</strong></span> <span class='ocrx_word' id='word_1_89' title='bbox 1327 1396 1603 1479; x_wconf 75' lang='lat' dir='ltr'><strong>fortuna</strong></span> <span class='ocrx_word' id='word_1_90' title='bbox 1645 1417 1775 1458; x_wconf 80' lang='lat' dir='ltr'><strong>mea</strong></span> <span class='ocrx_word' id='word_1_91' title='bbox 1818 1393 1977 1457; x_wconf 67' lang='lat' dir='ltr'><strong>desit</strong></span> <span class='ocrx_word' id='word_1_92' title='bbox 1990 1442 2007 1471; x_wconf 90' lang='lat'><em>,</em></span> <span class='ocrx_word' id='word_1_93' title='bbox 2054 1394 2267 1459; x_wconf 71' lang='lat' dir='ltr'><strong>videte.</strong></span> 
     </span>
    </p>

    <p class='ocr_par' dir='ltr' id='par_1_5' title="bbox 765 1499 3175 2007">
     <span class='ocr_line' id='line_1_11' title="bbox 855 1499 3159 1587; baseline -0 -21"><span class='ocrx_word' id='word_1_94' title='bbox 855 1501 998 1566; x_wconf 90' lang='lat' dir='ltr'><strong>Non</strong></span> <span class='ocrx_word' id='word_1_95' title='bbox 1057 1501 1286 1567; x_wconf 78' lang='lat' dir='ltr'><strong>Livius</strong></span> <span class='ocrx_word' id='word_1_96' title='bbox 1304 1547 1321 1577; x_wconf 89' lang='lat'><strong><em>,</em></strong></span> <span class='ocrx_word' id='word_1_97' title='bbox 1369 1500 1477 1564; x_wconf 91' lang='lat' dir='ltr'><strong>sed</strong></span> <span class='ocrx_word' id='word_1_98' title='bbox 1521 1499 1825 1564; x_wconf 85' lang='lat' dir='ltr'><strong>librarius</strong></span> <span class='ocrx_word' id='word_1_99' title='bbox 1872 1499 2187 1564; x_wconf 77' lang='lat' dir='ltr'><strong>addidisse</strong></span> <span class='ocrx_word' id='word_1_100' title='bbox 2237 1500 2495 1565; x_wconf 87' lang='lat' dir='ltr'><strong>videtur</strong></span> <span class='ocrx_word' id='word_1_101' title='bbox 2538 1523 2628 1564; x_wconf 78' lang='lat' dir='ltr'><strong>me</strong></span> <span class='ocrx_word' id='word_1_102' title='bbox 2644 1548 2660 1577; x_wconf 87' lang='lat'><strong><em>,</em></strong></span> <span class='ocrx_word' id='word_1_103' title='bbox 2708 1506 2970 1587; x_wconf 82' lang='lat' dir='ltr'><strong>propter</strong></span> <span class='ocrx_word' id='word_1_104' title='bbox 3018 1522 3159 1586; x_wconf 86' lang='lat' dir='ltr'><strong>seq.</strong></span> 
     </span>
     <span class='ocr_line' id='line_1_12' title="bbox 765 1605 3175 1691; baseline -0 -20"><span class='ocrx_word' id='word_1_105' title='bbox 765 1630 866 1689; x_wconf 71' lang='lat' dir='ltr'><strong>eqo</strong></span> <span class='ocrx_word' id='word_1_106' title='bbox 929 1607 1182 1691; x_wconf 76' lang='lat' dir='ltr'><strong>quidem.</strong></span> <span class='ocrx_word' id='word_1_107' title='bbox 1207 1679 1214 1686; x_wconf 45' lang='lat'><em>‚</em></span> <span class='ocrx_word' id='word_1_108' title='bbox 1244 1605 1470 1691; x_wconf 80' lang='lat' dir='ltr'><strong>Imago</strong></span> <span class='ocrx_word' id='word_1_109' title='bbox 1534 1611 1793 1690; x_wconf 85' lang='lat' dir='ltr'><strong>sumpta</strong></span> <span class='ocrx_word' id='word_1_110' title='bbox 1854 1625 1933 1669; x_wconf 81' lang='lat' dir='ltr'><strong>ex</strong></span> <span class='ocrx_word' id='word_1_111' title='bbox 1996 1608 2129 1670; x_wconf 82' lang='lat' dir='ltr'><strong>acie</strong></span> <span class='ocrx_word' id='word_1_112' title='bbox 2148 1652 2165 1682; x_wconf 89' lang='lat'><strong><em>,</em></strong></span> <span class='ocrx_word' id='word_1_113' title='bbox 2228 1607 2298 1668; x_wconf 94' lang='lat' dir='ltr'><strong>in</strong></span> <span class='ocrx_word' id='word_1_114' title='bbox 2344 1625 2472 1690; x_wconf 80' lang='lat' dir='ltr'><strong>qua</strong></span> <span class='ocrx_word' id='word_1_115' title='bbox 2518 1605 2759 1670; x_wconf 76' lang='lat' dir='ltr'><strong>milites</strong></span> <span class='ocrx_word' id='word_1_116' title='bbox 2806 1607 2985 1670; x_wconf 74' lang='lat' dir='ltr'><strong>anxii</strong></span> <span class='ocrx_word' id='word_1_117' title='bbox 3035 1609 3175 1670; x_wconf 84' lang='lat' dir='ltr'><strong>cir--</strong></span> 
     </span>
     <span class='ocr_line' id='line_1_13' title="bbox 767 1708 3157 1796; baseline -0.001 -19"><span class='ocrx_word' id='word_1_118' title='bbox 767 1715 1202 1795; x_wconf 87' lang='lat' dir='ltr'><strong>cumspectant</strong></span> <span class='ocrx_word' id='word_1_119' title='bbox 1269 1709 1737 1775; x_wconf 82' lang='lat' dir='ltr'><strong>commilitones</strong></span> <span class='ocrx_word' id='word_1_120' title='bbox 1808 1731 1845 1774; x_wconf 91' lang='lat' dir='ltr'><strong>a</strong></span> <span class='ocrx_word' id='word_1_121' title='bbox 1911 1709 2111 1774; x_wconf 88' lang='lat' dir='ltr'><strong>latere</strong></span> <span class='ocrx_word' id='word_1_122' title='bbox 2171 1708 2278 1774; x_wconf 85' lang='lat' dir='ltr'><strong>vel</strong></span> <span class='ocrx_word' id='word_1_123' title='bbox 2338 1731 2375 1774; x_wconf 85' lang='lat' dir='ltr'><strong>a</strong></span> <span class='ocrx_word' id='word_1_124' title='bbox 2436 1716 2619 1796; x_wconf 81' lang='lat' dir='ltr'><strong>tergo</strong></span> <span class='ocrx_word' id='word_1_125' title='bbox 2682 1710 2773 1790; x_wconf 93' lang='grc'><strong>(2.</strong></span> <span class='ocrx_word' id='word_1_126' title='bbox 2806 1710 2909 1774; x_wconf 90' lang='grc'><strong>10.</strong></span> <span class='ocrx_word' id='word_1_127' title='bbox 2940 1709 3019 1787; x_wconf 85' lang='grc'><strong>9;</strong></span> <span class='ocrx_word' id='word_1_128' title='bbox 3072 1710 3157 1774; x_wconf 84' lang='grc'><strong>61.</strong></span> 
     </span>
     <span class='ocr_line' id='line_1_14' title="bbox 770 1814 3161 1900; baseline -0.002 -19"><span class='ocrx_word' id='word_1_129' title='bbox 770 1817 829 1881; x_wconf 91' lang='grc'><strong>1.</strong></span> <span class='ocrx_word' id='word_1_130' title='bbox 859 1816 966 1881; x_wconf 90' lang='grc'><strong>20.</strong></span> <span class='ocrx_word' id='word_1_131' title='bbox 995 1815 1084 1895; x_wconf 90' lang='grc'><strong>6),</strong></span> <span class='ocrx_word' id='word_1_132' title='bbox 1132 1835 1263 1879; x_wconf 84' lang='grc'><strong>11011</strong></span> <span class='ocrx_word' id='word_1_133' title='bbox 1310 1815 1539 1880; x_wconf 88' lang='lat' dir='ltr'><strong>ducem</strong></span> <span class='ocrx_word' id='word_1_134' title='bbox 1583 1820 2019 1900; x_wconf 85' lang='lat' dir='ltr'><strong>praeeuntem.</strong></span> <span class='ocrx_word' id='word_1_135' title='bbox 2076 1816 2203 1895; x_wconf 76' lang='lat' dir='ltr'><strong>Quo</strong></span> <span class='ocrx_word' id='word_1_136' title='bbox 2248 1837 2431 1899; x_wconf 71' lang='lat' dir='ltr'><em>usque</em></span> <span class='ocrx_word' id='word_1_137' title='bbox 2476 1814 3042 1897; x_wconf 69' lang='lat' dir='ltr'><strong>eirmoepectabitis</strong></span> <span class='ocrx_word' id='word_1_138' title='bbox 3073 1842 3161 1866; x_wconf 93' lang='lat'><strong><em>=</em></strong></span> 
     </span>
     <span class='ocr_line' id='line_1_15' title="bbox 765 1918 3154 2007; baseline -0.001 -22"><span class='ocrx_word' id='word_1_139' title='bbox 765 1944 826 2007; x_wconf 91' lang='lat' dir='ltr'><strong>q.</strong></span> <span class='ocrx_word' id='word_1_140' title='bbox 872 1944 939 1987; x_wconf 89' lang='lat' dir='ltr'><strong>u.</strong></span> <span class='ocrx_word' id='word_1_141' title='bbox 987 1921 1606 2006; x_wconf 77' lang='lat' dir='ltr'><strong>tergiversabimini3</strong></span> <span class='ocrx_word' id='word_1_142' title='bbox 1673 1920 1754 1985; x_wconf 89' lang='lat' dir='ltr'><strong>cf.</strong></span> <span class='ocrx_word' id='word_1_143' title='bbox 1806 1919 1868 1984; x_wconf 83' lang='lat'><strong>4.</strong></span> <span class='ocrx_word' id='word_1_144' title='bbox 1899 1919 2002 1984; x_wconf 88' lang='lat'><strong>14.</strong></span> <span class='ocrx_word' id='word_1_145' title='bbox 2031 1919 2071 1983; x_wconf 85' lang='lat'>4</span> <span class='ocrx_word' id='word_1_146' title='bbox 2112 1924 2178 1984; x_wconf 89' lang='lat' dir='ltr'><strong>et</strong></span> <span class='ocrx_word' id='word_1_147' title='bbox 2216 1918 2350 1986; x_wconf 84' lang='lat' dir='ltr'><strong>Cic.</strong></span> <span class='ocrx_word' id='word_1_148' title='bbox 2392 1919 2579 1986; x_wconf 79' lang='lat' dir='ltr'><strong>Tusc.</strong></span> <span class='ocrx_word' id='word_1_149' title='bbox 2628 1920 2685 1984; x_wconf 91' lang='lat'><strong>1.</strong></span> <span class='ocrx_word' id='word_1_150' title='bbox 2714 1919 2800 1984; x_wconf 90' lang='grc'><strong>30</strong></span> <span class='ocrx_word' id='word_1_151' title='bbox 2840 1920 3154 1996; x_wconf 59' lang='lat' dir='ltr'><strong>dubitata-2,</strong></span> 
     </span>
    </p>
   </div>
   <div class='ocr_carea' id='block_1_3' title="bbox 765 2027 1672 2109">
    <p class='ocr_par' dir='ltr' id='par_1_6' title="bbox 765 2027 1672 2109">
     <span class='ocr_line' id='line_1_16' title="bbox 765 2027 1672 2109; baseline 0 -19"><span class='ocrx_word' id='word_1_152' title='bbox 765 2028 1262 2109; x_wconf 72' lang='lat' dir='ltr'><strong>circumspectam</strong></span> <span class='ocrx_word' id='word_1_153' title='bbox 1276 2074 1293 2105; x_wconf 90' lang='lat'><strong><em>,</em></strong></span> <span class='ocrx_word' id='word_1_154' title='bbox 1343 2027 1672 2090; x_wconf 69' lang='lat' dir='ltr'><strong>haesitans.</strong></span> 
     </span>
    </p>
   </div>
   <div class='ocr_carea' id='block_1_4' title="bbox 762 2241 3148 3171">
    <p class='ocr_par' dir='ltr' id='par_1_7' title="bbox 767 2241 3147 2433">
     <span class='ocr_line' id='line_1_17' title="bbox 854 2241 3147 2325; baseline -0.002 -15"><span class='ocrx_word' id='word_1_155' title='bbox 854 2245 1014 2310; x_wconf 87' lang='lat' dir='ltr'><strong>Ibid.</strong></span> <span class='ocrx_word' id='word_1_156' title='bbox 1072 2245 1175 2309; x_wconf 85' lang='grc'><strong>14.</strong></span> <span class='ocrx_word' id='word_1_157' title='bbox 1244 2245 1372 2323; x_wconf 63' lang='grc'><strong>11790</strong></span> <span class='ocrx_word' id='word_1_158' title='bbox 1432 2265 1519 2306; x_wconf 86' lang='lat' dir='ltr'><strong>me</strong></span> <span class='ocrx_word' id='word_1_159' title='bbox 1568 2249 1897 2324; x_wconf 72' lang='lat' dir='ltr'><strong>patronum</strong></span> <span class='ocrx_word' id='word_1_160' title='bbox 1951 2243 2247 2324; x_wconf 75' lang='lat' dir='ltr'><strong>profiteor</strong></span> <span class='ocrx_word' id='word_1_161' title='bbox 2292 2241 2495 2323; x_wconf 71' lang='lat' dir='ltr'><strong>plebis</strong></span> <span class='ocrx_word' id='word_1_162' title='bbox 2512 2289 2528 2318; x_wconf 92' lang='lat'><strong><em>,</em></strong></span> <span class='ocrx_word' id='word_1_163' title='bbox 2590 2244 2748 2325; x_wconf 77' lang='lat' dir='ltr'><strong>quod</strong></span> <span class='ocrx_word' id='word_1_164' title='bbox 2794 2241 2947 2304; x_wconf 74' lang='lat' dir='ltr'><strong>mihi</strong></span> <span class='ocrx_word' id='word_1_165' title='bbox 2996 2265 3147 2306; x_wconf 81' lang='lat' dir='ltr'><strong>cura</strong></span> 
     </span>
     <span class='ocr_line' id='line_1_18' title="bbox 767 2349 1789 2433; baseline -0.002 -18"><span class='ocrx_word' id='word_1_166' title='bbox 767 2375 896 2427; x_wconf 80' lang='lat' dir='ltr'><strong>mea</strong></span> <span class='ocrx_word' id='word_1_167' title='bbox 943 2358 1000 2414; x_wconf 75' lang='lat' dir='ltr'><strong>et</strong></span> <span class='ocrx_word' id='word_1_168' title='bbox 1027 2353 1194 2433; x_wconf 67' lang='lat' dir='ltr'><strong>fides</strong></span> <span class='ocrx_word' id='word_1_169' title='bbox 1240 2372 1446 2413; x_wconf 76' lang='lat' dir='ltr'><strong>nomen</strong></span> <span class='ocrx_word' id='word_1_170' title='bbox 1491 2349 1789 2413; x_wconf 72' lang='lat' dir='ltr'><strong>induit.</strong></span> 
     </span>
    </p>

    <p class='ocr_par' dir='ltr' id='par_1_8' title="bbox 762 2451 3148 3171">
     <span class='ocr_line' id='line_1_19' title="bbox 853 2451 3145 2538; baseline -0 -19"><span class='ocrx_word' id='word_1_171' title='bbox 853 2455 1089 2521; x_wconf 87' lang='lat' dir='ltr'><strong>Procul</strong></span> <span class='ocrx_word' id='word_1_172' title='bbox 1125 2455 1317 2520; x_wconf 90' lang='lat' dir='ltr'><strong>dubio</strong></span> <span class='ocrx_word' id='word_1_173' title='bbox 1358 2476 1507 2520; x_wconf 89' lang='lat' dir='ltr'><strong>cum</strong></span> <span class='ocrx_word' id='word_1_174' title='bbox 1545 2452 1916 2518; x_wconf 83' lang='lat' dir='ltr'><strong>Schaedelio</strong></span> <span class='ocrx_word' id='word_1_175' title='bbox 1955 2452 2405 2538; x_wconf 85' lang='lat' dir='ltr'><strong>corrigendum</strong></span> <span class='ocrx_word' id='word_1_176' title='bbox 2444 2458 2541 2517; x_wconf 90' lang='lat' dir='ltr'><strong>est</strong></span> <span class='ocrx_word' id='word_1_177' title='bbox 2580 2451 2743 2516; x_wconf 77' lang='lat' dir='ltr'><strong>indit</strong></span> <span class='ocrx_word' id='word_1_178' title='bbox 2782 2451 2886 2517; x_wconf 87' lang='lat' dir='ltr'><strong>vel</strong></span> <span class='ocrx_word' id='word_1_179' title='bbox 2926 2455 3145 2537; x_wconf 87' lang='lat' dir='ltr'><strong>potius</strong></span> 
     </span>
     <span class='ocr_line' id='line_1_20' title="bbox 764 2557 3148 2645; baseline -0.001 -21"><span class='ocrx_word' id='word_1_180' title='bbox 764 2562 847 2626; x_wconf 78' lang='lat' dir='ltr'><strong>in</strong></span> <span class='ocrx_word' id='word_1_181' title='bbox 868 2561 1104 2644; x_wconf 75' lang='lat' dir='ltr'><strong>didit,</strong></span> <span class='ocrx_word' id='word_1_182' title='bbox 1151 2561 1283 2627; x_wconf 87' lang='lat' dir='ltr'><strong>scil.</strong></span> <span class='ocrx_word' id='word_1_183' title='bbox 1335 2558 1740 2645; x_wconf 84' lang='lat' dir='ltr'><strong>appellabant</strong></span> <span class='ocrx_word' id='word_1_184' title='bbox 1786 2580 1937 2624; x_wconf 91' lang='lat' dir='ltr'><strong>eum</strong></span> <span class='ocrx_word' id='word_1_185' title='bbox 1983 2558 2217 2645; x_wconf 87' lang='lat' dir='ltr'><strong>plebeii</strong></span> <span class='ocrx_word' id='word_1_186' title='bbox 2263 2563 2604 2643; x_wconf 89' lang='lat' dir='ltr'><strong>patronum</strong></span> <span class='ocrx_word' id='word_1_187' title='bbox 2651 2578 2844 2622; x_wconf 87' lang='lat' dir='ltr'><strong>suum</strong></span> <span class='ocrx_word' id='word_1_188' title='bbox 2856 2577 2873 2635; x_wconf 81' lang='lat'>3</span> <span class='ocrx_word' id='word_1_189' title='bbox 2933 2557 3148 2622; x_wconf 90' lang='lat' dir='ltr'><strong>indi-</strong></span> 
     </span>
     <span class='ocr_line' id='line_1_21' title="bbox 763 2660 3147 2752; baseline -0.001 -22"><span class='ocrx_word' id='word_1_190' title='bbox 763 2672 900 2730; x_wconf 86' lang='lat' dir='ltr'><strong>tur</strong></span> <span class='ocrx_word' id='word_1_191' title='bbox 943 2688 1178 2731; x_wconf 90' lang='lat' dir='ltr'><strong>nomen</strong></span> <span class='ocrx_word' id='word_1_192' title='bbox 1224 2664 1327 2731; x_wconf 87' lang='lat' dir='ltr'><strong>vel</strong></span> <span class='ocrx_word' id='word_1_193' title='bbox 1377 2686 1731 2752; x_wconf 81' lang='lat' dir='ltr'><strong>cognomen</strong></span> <span class='ocrx_word' id='word_1_194' title='bbox 1779 2664 1867 2745; x_wconf 89' lang='grc'><strong>(1.</strong></span> <span class='ocrx_word' id='word_1_195' title='bbox 1900 2664 2006 2729; x_wconf 89' lang='grc'><strong>34.</strong></span> <span class='ocrx_word' id='word_1_196' title='bbox 2036 2664 2074 2727; x_wconf 90' lang='grc'><strong>3</strong></span> <span class='ocrx_word' id='word_1_197' title='bbox 2117 2670 2181 2728; x_wconf 92' lang='lat' dir='ltr'><strong>et</strong></span> <span class='ocrx_word' id='word_1_198' title='bbox 2222 2662 2373 2740; x_wconf 81' lang='lat'><strong>503,</strong></span> <span class='ocrx_word' id='word_1_199' title='bbox 2406 2661 2464 2728; x_wconf 85' lang='lat'><strong>7.</strong></span> <span class='ocrx_word' id='word_1_200' title='bbox 2508 2663 2571 2726; x_wconf 93' lang='grc'><strong>2.</strong></span> <span class='ocrx_word' id='word_1_201' title='bbox 2601 2662 2661 2727; x_wconf 91' lang='grc'><strong>6.</strong></span> <span class='ocrx_word' id='word_1_202' title='bbox 2702 2660 2833 2744; x_wconf 85' lang='lat' dir='ltr'><strong>aL),</strong></span> <span class='ocrx_word' id='word_1_203' title='bbox 2872 2663 3147 2727; x_wconf 91' lang='lat' dir='ltr'><strong>indui-</strong></span> 
     </span>
     <span class='ocr_line' id='line_1_22' title="bbox 764 2766 3133 2855; baseline -0.001 -20"><span class='ocrx_word' id='word_1_204' title='bbox 764 2794 941 2835; x_wconf 89' lang='lat' dir='ltr'><strong>mus</strong></span> <span class='ocrx_word' id='word_1_205' title='bbox 999 2773 1294 2836; x_wconf 88' lang='lat' dir='ltr'><strong>habitum</strong></span> <span class='ocrx_word' id='word_1_206' title='bbox 1357 2771 1640 2855; x_wconf 84' lang='lat' dir='ltr'><strong>aliquem</strong></span> <span class='ocrx_word' id='word_1_207' title='bbox 1704 2772 1985 2855; x_wconf 86' lang='lat' dir='ltr'><strong>corporis</strong></span> <span class='ocrx_word' id='word_1_208' title='bbox 2048 2769 2152 2835; x_wconf 87' lang='lat' dir='ltr'><strong>vel</strong></span> <span class='ocrx_word' id='word_1_209' title='bbox 2200 2771 2402 2833; x_wconf 89' lang='lat' dir='ltr'><strong>animi</strong></span> <span class='ocrx_word' id='word_1_210' title='bbox 2448 2767 2537 2847; x_wconf 84' lang='lat'><strong>(3.</strong></span> <span class='ocrx_word' id='word_1_211' title='bbox 2566 2767 2671 2833; x_wconf 87' lang='lat'><strong>33.</strong></span> <span class='ocrx_word' id='word_1_212' title='bbox 2703 2767 2762 2846; x_wconf 86' lang='lat'><strong>7,</strong></span> <span class='ocrx_word' id='word_1_213' title='bbox 2814 2766 2878 2833; x_wconf 86' lang='lat'><strong>9.</strong></span> <span class='ocrx_word' id='word_1_214' title='bbox 2908 2767 3011 2832; x_wconf 89' lang='grc'><strong>18.</strong></span> <span class='ocrx_word' id='word_1_215' title='bbox 3039 2768 3133 2851; x_wconf 92' lang='grc'><strong>2).</strong></span> 
     </span>
     <span class='ocr_line' id='line_1_23' title="bbox 765 2872 3143 2960; baseline -0.002 -18"><span class='ocrx_word' id='word_1_216' title='bbox 765 2875 864 2943; x_wconf 81' lang='lat' dir='ltr'><strong>Of.</strong></span> <span class='ocrx_word' id='word_1_217' title='bbox 927 2878 1060 2940; x_wconf 86' lang='lat' dir='ltr'><strong>iam</strong></span> <span class='ocrx_word' id='word_1_218' title='bbox 1119 2876 1338 2940; x_wconf 83' lang='lat' dir='ltr'><strong>Plauti</strong></span> <span class='ocrx_word' id='word_1_219' title='bbox 1383 2875 1549 2940; x_wconf 85' lang='lat' dir='ltr'><strong>Bud.</strong></span> <span class='ocrx_word' id='word_1_220' title='bbox 1603 2874 1755 2939; x_wconf 87' lang='grc'><strong>934.</strong></span> <span class='ocrx_word' id='word_1_221' title='bbox 1804 2874 2219 2960; x_wconf 84' lang='lat' dir='ltr'><strong>Zeugmatica</strong></span> <span class='ocrx_word' id='word_1_222' title='bbox 2268 2875 2461 2939; x_wconf 89' lang='lat' dir='ltr'><strong>dictio</strong></span> <span class='ocrx_word' id='word_1_223' title='bbox 2512 2874 2681 2960; x_wconf 83' lang='lat' dir='ltr'><strong>apud</strong></span> <span class='ocrx_word' id='word_1_224' title='bbox 2730 2872 2861 2939; x_wconf 85' lang='lat' dir='ltr'><strong>Gic.</strong></span> <span class='ocrx_word' id='word_1_225' title='bbox 2911 2873 2986 2937; x_wconf 88' lang='lat' dir='ltr'><strong>de</strong></span> <span class='ocrx_word' id='word_1_226' title='bbox 3033 2873 3143 2937; x_wconf 91' lang='lat' dir='ltr'><strong>fin.</strong></span> 
     </span>
     <span class='ocr_line' id='line_1_24' title="bbox 764 2976 3147 3063; baseline -0.002 -18"><span class='ocrx_word' id='word_1_227' title='bbox 764 2980 826 3045; x_wconf 90' lang='grc'><strong>2.</strong></span> <span class='ocrx_word' id='word_1_228' title='bbox 859 2977 942 3045; x_wconf 89' lang='grc'><strong>’73</strong></span> <span class='ocrx_word' id='word_1_229' title='bbox 1007 2988 1064 3043; x_wconf 74' lang='lat' dir='ltr'><strong>et</strong></span> <span class='ocrx_word' id='word_1_230' title='bbox 1125 2980 1252 3044; x_wconf 73' lang='lat' dir='ltr'><strong>eiu-5</strong></span> <span class='ocrx_word' id='word_1_231' title='bbox 1303 2976 1540 3058; x_wconf 83' lang='lat' dir='ltr'><strong>(Galli)</strong></span> <span class='ocrx_word' id='word_1_232' title='bbox 1602 2978 1817 3060; x_wconf 70' lang='lat' dir='ltr'><strong>spoliis</strong></span> <span class='ocrx_word' id='word_1_233' title='bbox 1879 2979 1995 3041; x_wconf 69' lang='lat' dir='ltr'><strong>sibi</strong></span> <span class='ocrx_word' id='word_1_234' title='bbox 2058 2987 2115 3043; x_wconf 75' lang='lat' dir='ltr'><strong>et</strong></span> <span class='ocrx_word' id='word_1_235' title='bbox 2176 2987 2434 3063; x_wconf 74' lang='lat' dir='ltr'><strong>torquem</strong></span> <span class='ocrx_word' id='word_1_236' title='bbox 2482 2986 2539 3042; x_wconf 73' lang='lat' dir='ltr'><strong>et</strong></span> <span class='ocrx_word' id='word_1_237' title='bbox 2584 3000 2893 3057; x_wconf 68' lang='lat' dir='ltr'><strong>coquomen</strong></span> <span class='ocrx_word' id='word_1_238' title='bbox 2938 2978 3147 3041; x_wconf 59' lang='lat' dir='ltr'><strong>induit</strong></span> 
     </span>
     <span class='ocr_line' id='line_1_25' title="bbox 762 3084 1593 3171; baseline -0.004 -21"><span class='ocrx_word' id='word_1_239' title='bbox 762 3084 1056 3171; x_wconf 81' lang='lat' dir='ltr'><strong>regulam</strong></span> <span class='ocrx_word' id='word_1_240' title='bbox 1100 3106 1225 3149; x_wconf 96' lang='lat' dir='ltr'><strong>non</strong></span> <span class='ocrx_word' id='word_1_241' title='bbox 1272 3084 1593 3168; x_wconf 84' lang='lat' dir='ltr'><strong>infringit.</strong></span> 
     </span>
    </p>
   </div>
   <div class='ocr_carea' id='block_1_5' title="bbox 744 3285 3140 3691">
    <p class='ocr_par' dir='ltr' id='par_1_9' title="bbox 744 3285 3140 3480">
     <span class='ocr_line' id='line_1_26' title="bbox 852 3285 3140 3371; baseline -0.002 -17"><span class='ocrx_word' id='word_1_242' title='bbox 852 3311 904 3354; x_wconf 89' lang='lat' dir='ltr'><strong>c.</strong></span> <span class='ocrx_word' id='word_1_243' title='bbox 954 3289 1063 3354; x_wconf 90' lang='grc'><strong>26.</strong></span> <span class='ocrx_word' id='word_1_244' title='bbox 1091 3288 1152 3353; x_wconf 91' lang='grc'><strong>6.</strong></span> <span class='ocrx_word' id='word_1_245' title='bbox 1216 3290 1387 3351; x_wconf 79' lang='lat' dir='ltr'><strong>Haeo</strong></span> <span class='ocrx_word' id='word_1_246' title='bbox 1446 3310 1604 3351; x_wconf 67' lang='lat' dir='ltr'><strong>mens</strong></span> <span class='ocrx_word' id='word_1_247' title='bbox 1667 3294 1875 3351; x_wconf 73' lang='lat' dir='ltr'><strong>nostra</strong></span> <span class='ocrx_word' id='word_1_248' title='bbox 1938 3295 2083 3364; x_wconf 71' lang='lat' dir='ltr'><strong>est,</strong></span> <span class='ocrx_word' id='word_1_249' title='bbox 2150 3285 2243 3351; x_wconf 73' lang='lat' dir='ltr'><strong>dii</strong></span> <span class='ocrx_word' id='word_1_250' title='bbox 2289 3285 2647 3351; x_wconf 71' lang='lat' dir='ltr'><strong>immortales</strong></span> <span class='ocrx_word' id='word_1_251' title='bbox 2676 3285 2969 3371; x_wconf 76' lang='lat' dir='ltr'><strong>faciant,</strong></span> <span class='ocrx_word' id='word_1_252' title='bbox 3020 3293 3140 3349; x_wconf 72' lang='lat' dir='ltr'><strong>tam</strong></span> 
     </span>
     <span class='ocr_line' id='line_1_27' title="bbox 744 3394 1320 3480; baseline -0.002 -22"><span class='ocrx_word' id='word_1_253' title='bbox 744 3395 927 3480; x_wconf 67' lang='lat' dir='ltr'><strong>felia:</strong></span> <span class='ocrx_word' id='word_1_254' title='bbox 973 3417 1146 3479; x_wconf 79' lang='lat' dir='ltr'><strong>quam</strong></span> <span class='ocrx_word' id='word_1_255' title='bbox 1179 3394 1320 3475; x_wconf 78' lang='lat' dir='ltr'><strong>pia.</strong></span> 
     </span>
    </p>

    <p class='ocr_par' dir='ltr' id='par_1_10' title="bbox 760 3493 3139 3691">
     <span class='ocr_line' id='line_1_28' title="bbox 851 3493 3139 3580; baseline -0.002 -15"><span class='ocrx_word' id='word_1_256' title='bbox 851 3501 1043 3565; x_wconf 87' lang='lat' dir='ltr'><strong>Recte</strong></span> <span class='ocrx_word' id='word_1_257' title='bbox 1104 3498 1499 3563; x_wconf 89' lang='lat' dir='ltr'><strong>Muellerus:</strong></span> <span class='ocrx_word' id='word_1_258' title='bbox 1550 3525 1629 3550; x_wconf 96' lang='lat'>=</span> <span class='ocrx_word' id='word_1_259' title='bbox 1679 3503 1858 3579; x_wconf 84' lang='lat' dir='ltr'><strong>„tam</strong></span> <span class='ocrx_word' id='word_1_260' title='bbox 1905 3496 2059 3562; x_wconf 76' lang='lat' dir='ltr'><strong>felix</strong></span> <span class='ocrx_word' id='word_1_261' title='bbox 2107 3498 2226 3573; x_wconf 84' lang='lat' dir='ltr'><strong>sit,</strong></span> <span class='ocrx_word' id='word_1_262' title='bbox 2291 3515 2485 3580; x_wconf 89' lang='lat' dir='ltr'><strong>quam</strong></span> <span class='ocrx_word' id='word_1_263' title='bbox 2528 3497 2635 3580; x_wconf 90' lang='lat' dir='ltr'><strong>pia</strong></span> <span class='ocrx_word' id='word_1_264' title='bbox 2681 3494 2842 3559; x_wconf 89' lang='lat' dir='ltr'><strong>est&#39;’.</strong></span> <span class='ocrx_word' id='word_1_265' title='bbox 2912 3493 3139 3579; x_wconf 88' lang='lat' dir='ltr'><strong>Itaque</strong></span> 
     </span>
     <span class='ocr_line' id='line_1_29' title="bbox 760 3590 2759 3691; baseline -0.003 -22"><span class='ocrx_word' id='word_1_266' title='bbox 760 3605 1240 3691; x_wconf 82' lang='lat' dir='ltr'><strong>corrigendum:</strong></span> <span class='ocrx_word' id='word_1_267' title='bbox 1290 3605 1434 3666; x_wconf 74' lang='lat' dir='ltr'><strong>haec</strong></span> <span class='ocrx_word' id='word_1_268' title='bbox 1478 3590 1553 3667; x_wconf 75' lang='lat' dir='ltr'><strong>m.</strong></span> <span class='ocrx_word' id='word_1_269' title='bbox 1603 3626 1664 3666; x_wconf 75' lang='grc' dir='ltr'><strong>π.</strong></span> <span class='ocrx_word' id='word_1_270' title='bbox 1714 3603 1831 3667; x_wconf 69' lang='lat' dir='ltr'><strong>sit</strong></span> <span class='ocrx_word' id='word_1_271' title='bbox 1884 3649 1897 3665; x_wconf 92' lang='lat'><strong>.</strong></span> <span class='ocrx_word' id='word_1_272' title='bbox 1927 3649 1942 3665; x_wconf 90' lang='lat'><strong>.</strong></span> <span class='ocrx_word' id='word_1_273' title='bbox 1973 3649 1988 3665; x_wconf 90' lang='lat'><strong>.</strong></span> <span class='ocrx_word' id='word_1_274' title='bbox 2038 3604 2155 3665; x_wconf 68' lang='lat' dir='ltr'><strong>iam</strong></span> <span class='ocrx_word' id='word_1_275' title='bbox 2185 3601 2369 3688; x_wconf 76' lang='lat' dir='ltr'><em>felix</em></span> <span class='ocrx_word' id='word_1_276' title='bbox 2413 3624 2587 3687; x_wconf 81' lang='lat' dir='ltr'><strong>quam</strong></span> <span class='ocrx_word' id='word_1_277' title='bbox 2620 3602 2759 3683; x_wconf 78' lang='lat' dir='ltr'><strong>pia.</strong></span> 
     </span>
    </p>
   </div>
   <div class='ocr_carea' id='block_1_6' title="bbox 1730 3848 2177 3915">
    <p class='ocr_par' dir='ltr' id='par_1_11' title="bbox 1730 3848 2177 3915">
     <span class='ocr_line' id='line_1_30' title="bbox 1730 3848 2177 3915; baseline 0 -1"><span class='ocrx_word' id='word_1_278' title='bbox 1730 3850 1979 3914; x_wconf 89' lang='lat' dir='ltr'><strong>Liber</strong></span> <span class='ocrx_word' id='word_1_279' title='bbox 2037 3848 2177 3915; x_wconf 91' lang='lat' dir='ltr'><strong>VH.</strong></span> 
     </span>
    </p>
   </div>
   <div class='ocr_carea' id='block_1_7' title="bbox 752 4028 3132 4536">
    <p class='ocr_par' dir='ltr' id='par_1_12' title="bbox 754 4028 3132 4309">
     <span class='ocr_line' id='line_1_31' title="bbox 847 4028 3127 4113; baseline -0.003 -14"><span class='ocrx_word' id='word_1_280' title='bbox 847 4054 900 4101; x_wconf 90' lang='lat' dir='ltr'><strong>c.</strong></span> <span class='ocrx_word' id='word_1_281' title='bbox 950 4034 1011 4098; x_wconf 91' lang='grc'><strong>2.</strong></span> <span class='ocrx_word' id='word_1_282' title='bbox 1043 4032 1104 4098; x_wconf 93' lang='grc'><strong>6.</strong></span> <span class='ocrx_word' id='word_1_283' title='bbox 1175 4033 1235 4097; x_wconf 88' lang='lat' dir='ltr'><em>V</em></span> <span class='ocrx_word' id='word_1_284' title='bbox 1227 4031 1526 4097; x_wconf 68' lang='lat' dir='ltr'><strong>ernaculic</strong></span> <span class='ocrx_word' id='word_1_285' title='bbox 1584 4031 1919 4113; x_wconf 51' lang='lat' dir='ltr'><strong>artificibus</strong></span> <span class='ocrx_word' id='word_1_286' title='bbox 1968 4078 1983 4096; x_wconf 91' lang='lat'><strong>.</strong></span> <span class='ocrx_word' id='word_1_287' title='bbox 2015 4079 2029 4095; x_wconf 89' lang='lat'><strong>.</strong></span> <span class='ocrx_word' id='word_1_288' title='bbox 2060 4078 2075 4096; x_wconf 91' lang='lat'><strong>.</strong></span> <span class='ocrx_word' id='word_1_289' title='bbox 2120 4053 2326 4095; x_wconf 77' lang='lat' dir='ltr'><strong>nomen</strong></span> <span class='ocrx_word' id='word_1_290' title='bbox 2387 4029 2778 4093; x_wconf 70' lang='lat' dir='ltr'><strong>histrionibus</strong></span> <span class='ocrx_word' id='word_1_291' title='bbox 2826 4028 3080 4092; x_wconf 73' lang='lat' dir='ltr'><strong>inditum</strong></span> <span class='ocrx_word' id='word_1_292' title='bbox 3100 4059 3127 4105; x_wconf 89' lang='lat'><em>;</em></span> 
     </span>
     <span class='ocr_line' id='line_1_32' title="bbox 755 4134 3132 4224; baseline -0.003 -21"><span class='ocrx_word' id='word_1_293' title='bbox 755 4140 860 4224; x_wconf 78' lang='lat' dir='ltr'><strong>qui</strong></span> <span class='ocrx_word' id='word_1_294' title='bbox 905 4162 1023 4203; x_wconf 79' lang='lat' dir='ltr'><strong>non</strong></span> <span class='ocrx_word' id='word_1_295' title='bbox 1068 4139 1222 4201; x_wconf 75' lang='lat' dir='ltr'><strong>sicut</strong></span> <span class='ocrx_word' id='word_1_296' title='bbox 1267 4145 1426 4214; x_wconf 71' lang='lat' dir='ltr'><strong>wate,</strong></span> <span class='ocrx_word' id='word_1_297' title='bbox 1474 4137 1837 4200; x_wconf 68' lang='lat' dir='ltr'><strong>Fescennino</strong></span> <span class='ocrx_word' id='word_1_298' title='bbox 1884 4158 2055 4199; x_wconf 71' lang='lat' dir='ltr'><strong>versu</strong></span> <span class='ocrx_word' id='word_1_299' title='bbox 2104 4135 2353 4199; x_wconf 70' lang='lat' dir='ltr'><strong>similem</strong></span> <span class='ocrx_word' id='word_1_300' title='bbox 2398 4135 2527 4197; x_wconf 78' lang='lat' dir='ltr'><strong>inc</strong></span> <span class='ocrx_word' id='word_1_301' title='bbox 2546 4156 2651 4197; x_wconf 86' lang='lat' dir='ltr'><strong>om</strong></span> <span class='ocrx_word' id='word_1_302' title='bbox 2654 4156 2705 4216; x_wconf 80' lang='lat' dir='ltr'><strong>p</strong></span> <span class='ocrx_word' id='word_1_303' title='bbox 2723 4134 2939 4197; x_wconf 75' lang='lat' dir='ltr'><strong>ositu</strong></span> <span class='ocrx_word' id='word_1_304' title='bbox 2958 4156 3009 4196; x_wconf 84' lang='lat' dir='ltr'><strong>m</strong></span> <span class='ocrx_word' id='word_1_305' title='bbox 3053 4141 3132 4197; x_wconf 75' lang='lat' dir='ltr'><strong>te-</strong></span> 
     </span>
     <span class='ocr_line' id='line_1_33' title="bbox 754 4241 1937 4309; baseline -0.003 0"><span class='ocrx_word' id='word_1_306' title='bbox 754 4268 908 4309; x_wconf 77' lang='lat' dir='ltr'><strong>mere</strong></span> <span class='ocrx_word' id='word_1_307' title='bbox 953 4268 1022 4307; x_wconf 83' lang='lat' dir='ltr'><strong>ac</strong></span> <span class='ocrx_word' id='word_1_308' title='bbox 1068 4246 1270 4307; x_wconf 76' lang='lat' dir='ltr'><strong>rudem</strong></span> <span class='ocrx_word' id='word_1_309' title='bbox 1316 4243 1570 4305; x_wconf 69' lang='lat' dir='ltr'><strong>alternis</strong></span> <span class='ocrx_word' id='word_1_310' title='bbox 1617 4241 1937 4305; x_wconf 76' lang='lat' dir='ltr'><strong>iaciebant.</strong></span> 
     </span>
    </p>

    <p class='ocr_par' dir='ltr' id='par_1_13' title="bbox 752 4345 3125 4536">
     <span class='ocr_line' id='line_1_34' title="bbox 825 4345 3125 4431; baseline -0.002 -22"><span class='ocrx_word' id='word_1_311' title='bbox 825 4351 1055 4415; x_wconf 56' lang='lat' dir='ltr'><strong>,Immo</strong></span> <span class='ocrx_word' id='word_1_312' title='bbox 1105 4348 1613 4431; x_wconf 71' lang='lat' dir='ltr'><strong>compositum</strong></span> <span class='ocrx_word' id='word_1_313' title='bbox 1662 4354 1872 4411; x_wconf 74' lang='lat' dir='ltr'><strong>temere</strong></span> <span class='ocrx_word' id='word_1_314' title='bbox 1917 4347 1981 4410; x_wconf 90' lang='lat' dir='ltr'><strong>h.</strong></span> <span class='ocrx_word' id='word_1_315' title='bbox 2010 4366 2063 4409; x_wconf 92' lang='lat' dir='ltr'><strong>e.</strong></span> <span class='ocrx_word' id='word_1_316' title='bbox 2114 4365 2193 4409; x_wconf 83' lang='lat' dir='ltr'><strong>ex</strong></span> <span class='ocrx_word' id='word_1_317' title='bbox 2241 4349 2558 4428; x_wconf 88' lang='lat' dir='ltr'><strong>tempore,</strong></span> <span class='ocrx_word' id='word_1_318' title='bbox 2612 4346 2748 4408; x_wconf 88' lang='lat' dir='ltr'><strong>sine</strong></span> <span class='ocrx_word' id='word_1_319' title='bbox 2794 4350 2962 4420; x_wconf 87' lang='lat' dir='ltr'><strong>arte;</strong></span> <span class='ocrx_word' id='word_1_320' title='bbox 3008 4345 3125 4429; x_wconf 84' lang='lat' dir='ltr'><strong>igi-</strong></span> 
     </span>
     <span class='ocr_line' id='line_1_35' title="bbox 752 4450 3124 4536; baseline -0.003 -17"><span class='ocrx_word' id='word_1_321' title='bbox 752 4461 859 4520; x_wconf 88' lang='lat' dir='ltr'><strong>tur</strong></span> <span class='ocrx_word' id='word_1_322' title='bbox 919 4477 1140 4521; x_wconf 86' lang='lat' dir='ltr'><strong>versus</strong></span> <span class='ocrx_word' id='word_1_323' title='bbox 1204 4460 1444 4519; x_wconf 88' lang='lat' dir='ltr'><strong>temere</strong></span> <span class='ocrx_word' id='word_1_324' title='bbox 1509 4454 1901 4536; x_wconf 86' lang='lat' dir='ltr'><strong>compositus</strong></span> <span class='ocrx_word' id='word_1_325' title='bbox 1964 4456 2060 4515; x_wconf 90' lang='lat' dir='ltr'><strong>est</strong></span> <span class='ocrx_word' id='word_1_326' title='bbox 2107 4470 2329 4514; x_wconf 85' lang='lat' dir='ltr'><strong>versus</strong></span> <span class='ocrx_word' id='word_1_327' title='bbox 2374 4451 2869 4533; x_wconf 87' lang='lat' dir='ltr'><strong>incompositus,</strong></span> <span class='ocrx_word' id='word_1_328' title='bbox 2921 4450 3124 4513; x_wconf 87' lang='lat' dir='ltr'><strong>incon-</strong></span> 
     </span>
    </p>
   </div>
  </div>
 </body>
</html>
