3351 5463
1188 398 1688 448 Amsrornmns.
2503 375 2632 445 307

352 561 453 628 Vs.
504 562 657 629 352.
707 563 875 628 τουτὶ
926 562 1263 643 πονηρὸν
1312 562 1606 642 φαίνεται
1655 563 1725 627 τὸ
1776 562 2130 644 Φορτίον.

276 663 570 734 Similiter
618 671 846 734 comici
894 668 1144 733 Latini:
1194 668 1356 730 mala
1402 689 1583 732 merx.
1646 667 1928 732 Plautus
1967 663 2365 735 Menaechm.
2407 664 2463 729 V
2503 664 2566 741 2,
2596 663 2636 728 6

276 773 592 894 scribens,
590 781 785 852 ,aetas
822 776 985 838 mala
1022 797 1185 838 merx
1225 780 1312 837 est
1350 780 1511 854 teo-,qo
1550 773 1814 838 fortasse
1852 776 1920 838 in
1955 771 2214 839 Graecis
2239 775 2634 858 reppererat.

801 888 1115 959 -γῆρας
1164 878 1409 957 πονηρόν
1460 879 1586 941 ἐστι
1638 879 1799 958 νώτῳ
1847 877 2114 957 ΦορτΙον.

355 1078 451 1145 Vs.
504 1079 659 1147 380.
708 1079 1045 1147 Chremes:

622 1187 722 1251 καὶ
775 1189 896 1264 μὴν
942 1186 1204 1266 Φίλιος
1252 1189 1318 1263 γ’
1369 1183 1445 1250 ἄν
1493 1209 1596 1264 μοι
1646 1185 1839 1258 δοκεῖς
1887 1187 1955 1259 νὴ
2002 1185 2143 1256 τοὺς
2191 1185 2357 1256 θεοὺς

621 1300 781 1373 τρεῖς
830 1296 995 1368 μνᾶς
1043 1294 1375 1364 ἀναλώσας
1424 1293 1798 1370 λογίσασθαι
1849 1291 2101 1355 δώδεκα.

276 1394 530 1482 Blaydes
576 1397 767 1478 Φίλος
813 1397 885 1470 ὣς
936 1399 1221 1463 coniecit.
1271 1397 1341 1462 Si
1392 1398 1548 1482 quid
1594 1396 2013 1473 mutandum,
2057 1398 2256 1481 possis
2305 1401 2360 1470 Φ
2379 1418 2396 1458 ι
2415 1396 2494 1458 il
2511 1419 2553 1457 ω
2573 1417 2604 1467 ς
2619 1441 2637 1472 ,

274 1507 339 1565 ut
380 1509 469 1568 est
516 1503 687 1588 apud
732 1503 1071 1570 Platonem
1123 1501 1323 1590 [segg.
1372 1501 1467 1568 III
1514 1524 1577 1588 p.
1630 1501 1763 1568 698
1791 1501 1884 1568 D:
1937 1502 2163 1581 φιλίως
2211 1499 2475 1580 εἴρηκας.

356 1704 454 1771 Vs.
505 1705 659 1772 406.
709 1705 860 1774 Chr.

616 1812 713 1884 τίς
759 1811 891 1887 δῆτ’
941 1809 1147 1889 ἰατρός
1198 1813 1329 1876 ἐστι
1380 1815 1479 1876 νῦν
1527 1813 1588 1875 ἐν
1637 1821 1714 1892 τῇ
1766 1811 2001 1889 orama„
2045 1835 2052 1842 ¹

616 1915 797 1981 οὔτε
847 1917 1002 1995 γὰρ
1052 1917 1079 1980 ὃ
1129 1916 1418 1992 μισθὸς
1467 1915 1698 1980 οὐδέν
1752 1917 1907 1979 ἐστ’
1956 1915 2104 1980 οὔθ’
2164 1917 2196 1987 ἦ
2249 1915 2519 1995 τέχνη.

282 2018 647 2087 Scholiasta:
714 2031 1153 2086 καινοποιεῖται
1202 2019 1305 2086 τὸν
1353 2022 1680 2101 διασυρμόν
1729 2022 1833 2084 καὶ
1884 2022 2052 2086 κατὰ
2101 2027 2218 2084 τῶν
2266 2021 2484 2098 ἰατρῶν
2532 2016 2635 2081 καὶ

276 2127 431 2190 κατὰ
470 2133 585 2190 τῶν
627 2129 1134 2205 θεραπευομένων,
1176 2135 1289 2192 τῶν
1334 2127 1446 2198 μὲν
1487 2129 1564 2199 ὡς
1606 2126 1905 2207 ἀτέχνων,
1943 2134 2058 2190 τῶν
2099 2127 2160 2190 δὲ
2201 2129 2278 2196 ὥς
2303 2125 2634 2204 φειδωλῶν.

275 2231 404 2295 Nisi
449 2235 665 2318 potius
712 2239 898 2319 poeta
941 2235 1154 2297 innuit
1199 2233 1595 2298 medicorum
1634 2231 2043 2317 publicorum
2082 2237 2220 2310 (τῶν
2266 2227 2642 2306 δημοσιευόν-

273 2335 407 2416 ’των)
452 2338 679 2408 salaria
724 2361 797 2404 eo
846 2323 1130 2424 t'empore
1178 2345 1291 2404 aut
1340 2340 1647 2424 abrogata
1696 2343 1808 2402 aut
1853 2337 2037 2403 valde
2077 2338 2428 2400 imminuta
2467 2355 2601 2398 esse
2620 2381 2636 2410 ‚

276 2448 523 2528 cogente
569 2445 798 2509 aerarii
843 2441 1107 2530 penuria
1144 2450 1298 2529 ‘post
1341 2441 1589 2508 bellum
1635 2441 2268 2528 Peloponnesiacum.

354 2644 456 2710 Vs·
508 2645 703 2713 1057.
752 2646 935 2713 Adol.
984 2645 1196 2723 βούλει
1248 2646 1346 2710 διὰ
1396 2642 1610 2726 χρόνον
1659 2644 1805 2723 πρός
1853 2668 1934 2720 με
1982 2651 2244 2721 παῖσαι;

1825 2753 2017 2815 Anus·
2069 2750 2320 2815 παιδιὰν
2369 2750 2543 2822 τίνα;

814 2858 934 2923 Ad.
984 2857 1206 2929 πόσους
1252 2856 1424 2938 ἔχεις
1472 2856 1723 2928 ὀδόντας
1739 2877 1757 2934 ;

1598 2961 1856 3029 Chrem.
1906 2960 2085 3026 ἀλλὰ
2134 2964 2542 3037 γνώσομαι

990 3066 1271 3146 κᾶγωγ’·
1324 3066 1455 3150 ἔχει
1504 3070 1631 3148 γὰρ
1680 3075 1839 3146 τρεῖς
1888 3065 2030 3139 ἴσως
2079 3065 2114 3141 ἢ
2164 3065 2492 3142 τέτταρας.

273 3173 569 3260 Expectes
609 3178 823 3261 potius
860 3174 1193 3239 coniciendi
1231 3194 1426 3259 quam
1462 3173 1845 3255 coquo-scen&
1881 3173 2180 3249 verbum,
2225 3175 2299 3234 ut
2331 3168 2634 3236 Chremes

275 3277 493 3345 dixerit
555 3280 727 3345 ἄλλα
792 3280 1361 3360 στοχασομαι,
1427 3284 1503 3343 ut
1549 3284 1645 3343 est
1694 3298 1794 3363 ap.
1844 3277 2010 3348 Plat.
2061 3274 2260 3362 Gorg.
2309 3297 2372 3361 p.
2422 3273 2633 3341 4640

274 3389 663 3460 nazanzum&
692 3386 1095 3463 αἰσθανομένη
1123 3386 1187 3448 οὗ
1225 3408 1313 3461 γν
1334 3407 1361 3448 ο
1381 3389 1413 3447 ῦ
1433 3406 1470 3446 σ
1492 3408 1533 3447 α
1574 3383 1764 3461 λέγω,
1793 3383 1968 3447 ἀλλὰ
2011 3404 2147 3445 στο
2163 3403 2274 3459 χα
2294 3381 2506 3462 σαροέ
2530 3405 2630 3454 νη.

272 3489 418 3556 Fero
462 3496 677 3557 tamen
721 3492 890 3578 quod
935 3490 1265 3578 vulgatur.

355 3677 457 3742 Vs·
496 3676 692 3743 1153.
735 3677 1007 3743 Mercur.
1051 3676 1223 3756 παρὰ
1262 3677 1369 3751 τὴν
1409 3675 1587 3751 θύραν
1630 3680 1963 3769 στροφαῖον
2001 3668 2443 3751 ἱδρύσασθέ
2483 3694 2586 3745 με.

274 3780 499 3847 Vitiose
562 3784 770 3866 prima
830 3780 1080 3870 syllaba
1140 3774 1447 3866 producta
1509 3783 1605 3843 est
1650 3780 1719 3841 in
1769 3776 2108 3856 ἱδρύσασθε.
2157 3776 2638 3841 Animadvertit

274 3908 539 3953 errorem
600 3886 873 3973 Blaydes
938 3889 1261 3973 corrigens
1325 3885 1498 3962 παρὰ
1554 3886 1661 3956 τὴν
1711 3880 1892 3960 θύραν
1942 3888 2272 3960 στροφαῖον
2323 3878 2516 3958 (οὖν)
2567 3884 2636 3955 μ’

275 3992 547 4069 ἱδρύσατε
596 3999 709 4057 aut
754 3999 1086 4072 στροφαῖον
1135 3988 1331 4068 (οὖν)
1379 3990 1549 4067 παρὰ
1600 3990 1708 4062 τὴν
1757 3987 1934 4066 θύραν
1982 3989 2053 4064 μ’
2100 3986 2424 4063 ἱδρύσατε,
2470 3986 2639 4071 quod

274 4099 545 4183 praefero
564 4145 581 4175 ‚
646 4098 751 4162 sed
802 4102 871 4162 in
916 4096 1229 4161 Addendis
1278 4103 1335 4159 et
1382 4094 1752 4175 eorriyendie
1797 4114 1946 4179 pag.
1997 4091 2128 4157 420
2174 4093 2413 4156 iniuria
2458 4091 2638 4167 dubi-

273 4206 426 4269 tavit
486 4214 744 4289 propter
803 4204 878 4267 fr.
928 4202 1059 4268 245
1125 4200 1263 4278 μεθ’
1333 4198 1407 4263 ὧν
1470 4202 1497 4264 ὃ
1547 4200 1761 4275 βωμὸς
1807 4199 2004 4277 ἱδρύθη
2053 4199 2240 4273 ποτὲ,
2287 4218 2410 4262 non
2456 4218 2640 4283 repu-

275 4315 401 4375 tans
444 4310 536 4374 ibi
583 4307 869 4375 vocalem
914 4311 1263 4394 augmento
1312 4305 1688 4391 productam
1740 4324 1893 4368 esse.
