3351 5463
1288 388 1681 445 Anscnvms.
2551 374 2682 440 155
2701 336 2708 341 ἱ

302 564 413 623 tes.
456 558 790 623 Praeterea
837 558 966 622 duo
1012 578 1046 621 e
1087 558 1294 621 tribus
1335 557 1681 634 vocabula,
1725 556 1946 631 ὠλένην
1985 558 2230 623 dicoxet
2271 557 2680 637 ἒχρίμπτετο,

304 686 426 729 non
484 666 727 749 optime
787 663 1021 729 selecta
1068 663 1234 727 mihi
1282 662 1605 731 videntur.
1653 664 2032 729 Rectissime
2072 669 2292 729 contra
2336 664 2500 728 mihi
2545 684 2684 729 sese
2771 669 2778 677 ‘

305 770 526 835 habere
589 770 892 835 videntur
956 790 1115 853 quae
1179 768 1513 835 Wecklein
1560 774 1816 835 monuit
1835 818 1852 847 ,
1901 770 2211 837 vocabulo
2255 768 2521 847 ἄμεινον’
2568 773 2685 850 (sic

306 873 453 941 cod.
500 875 703 955 Med.)
750 876 1034 953 ἀριστεΐ,
1088 874 1397 940 vocabulo
1450 875 1723 956 δαιδάλῳ
1766 877 2080 957 sacam&
2122 883 2462 963 praestare.

390 980 555 1059 Quid
600 976 831 1066 plura?
876 980 1093 1045 locum
1140 985 1353 1045 totum
1399 982 1494 1045 ita
1542 981 2015 1046 restituendum
2062 1004 2196 1069 esse
2242 1004 2498 1048 censeo:

750 1088 876 1151 ἀπὸ
927 1088 1258 1164 στρατείας
1309 1087 1434 1164 γάρ
1484 1110 1587 1164 νιν,
1639 1087 2046 1163 ἠμποληκότα

752 1193 838 1257 τὰ
879 1194 1129 1257 πλεῖστ’
1178 1193 1459 1272 ἄριστεῒζ
1510 1191 1799 1273 εὔφροσιν
1847 1192 2185 1270 δεδεγμένη

749 1296 991 1375 λόγοις,
1042 1296 1327 1379 παρέσχε
1376 1300 1601 1378 λουτρὰ
1650 1299 1752 1363 καὶ
1804 1299 2024 1377 θέρμης
2071 1299 2256 1380 χάριν

750 1403 983 1484 δροίτην
1033 1405 1519 1482 παρεσκήνωσεν,
1574 1406 1635 1469 ἕν
1684 1406 1736 1469 δ’
1785 1405 2069 1483 ἀτέρμονι

750 1509 963 1575 κόπτει
1016 1510 1321 1582 πεδήσασ’
1370 1508 1557 1589 ἄνδρα
1608 1511 1922 1591 δαιδαλτῷ
1973 1512 2212 1592 πέπλῳ.

303 1614 465 1682 Cum
526 1614 805 1681 Dindorf
856 1622 921 1681 et
984 1616 1155 1681 Weil
1216 1619 1443 1702 scripsi
1492 1620 1977 1697 παρεσκιὶνωσεν,
2026 1617 2195 1703 quod
2239 1639 2367 1683 non
2410 1620 2480 1681 in
2528 1615 2682 1683 Ood.

301 1722 551 1799 Medic„
598 1722 708 1787 sed
752 1724 819 1785 in
865 1722 1234 1808 apographo
1282 1722 1592 1807 quodam,
1642 1723 2024 1809 Augustano
2071 1745 2239 1788 nunc
2278 1723 2644 1790 Monacensi
2668 1772 2684 1802 ,

302 1830 629 1912 reperitur.
694 1826 766 1891 Si
828 1828 1001 1907 παρα
1064 1827 1287 1893 eodem
1348 1849 1536 1893 sensu
1603 1831 1953 1914 accipimus
2017 1834 2094 1893 ut
2136 1832 2205 1894 in
2252 1829 2339 1907 βῆ
2390 1830 2443 1893 δ’
2492 1830 2685 1893 ἀκέων

306 1934 469 2011 παρὰ
534 1934 666 1996 θῖνα
731 1915 1221 2011 πολυφλοίσβοιο
1282 1934 1601 2007 θαλάσσης
1665 1933 1888 2013 (Hom.
1937 1936 1998 1998 A
2030 1934 2165 2016 34),
2219 1936 2685 2014 παρεσκήνωσεν

303 2060 514 2104 revera
578 2059 694 2124 pro
758 2040 1250 2117 περιεσκήνωσεν,
1317 2039 1487 2123 quod
1534 2042 1775 2125 optime
1825 2062 1961 2105 rem
2011 2041 2338 2125 depingit,
2389 2042 2688 2125 usurpari

300 2148 522 2227 potest.
578 2180 661 2189 —
711 2141 927 2209 Codex
983 2143 1314 2208 Mediceus
1359 2145 1553 2208 habet
1601 2147 2068 2222 περέσκήνωσεν,
2117 2148 2322 2209 crasin
2365 2146 2683 2222 indicans,

302 2254 370 2313 ut
433 2248 564 2313 fere
627 2248 843 2313 credas
906 2248 1156 2313 vocales
1220 2273 1237 2313 ι
1300 2256 1365 2313 et
1414 2274 1443 2314 ε
1492 2253 1768 2335 synizesi
1813 2253 1880 2314 in
1927 2272 2125 2315 unam
2173 2250 2496 2337 syllabam
2545 2272 2686 2315 con-

246 2410 253 2417 .
303 2357 527 2417 tractas
608 2353 842 2431 fuisse,
922 2354 1107 2418 velut
1167 2354 1415 2420 vocales
1477 2358 1542 2418 in
1608 2358 1696 2431 μὴ
1759 2358 1862 2433 οὐ,
1935 2360 2024 2432 μὴ
2089 2356 2300 2433 ἄλλα,
2375 2357 2505 2421 ἐπεὶ
2578 2356 2683 2433 οὖ,

303 2459 334 2531 ἢ
403 2459 693 2543 οἴχομαι,
767 2459 799 2533 ἢ
874 2460 923 2522 εἰ
989 2459 1279 2539 (Theocr.
1349 2460 1455 2537 ll,
1483 2460 1633 2541 81),
1716 2461 1845 2532 θεός
1927 2462 2054 2526 κτὲ.
2140 2460 2406 2528 Constat
2485 2465 2683 2528 etiam

301 2564 708 2655 scholiastam
751 2566 844 2629 ita
890 2564 1159 2651 legisse,
1208 2571 1469 2631 annotat
1515 2569 1725 2631 enim:
1774 2566 1917 2645 πρὸς
1962 2570 2030 2646 (i.
2054 2589 2108 2632 e.
2152 2569 2220 2631 τὸ
2269 2579 2319 2632 Χ
2361 2570 2535 2650 πρὸς)
2576 2570 2684 2639 τὴν

302 2672 679 2750 συναλοιφὴν
745 2676 854 2744 τῆς
922 2672 1061 2750 περί
1115 2677 1216 2737 καὶ
1269 2675 1378 2746 τὴν
1428 2672 1730 2754 συζυγίαν
1778 2679 1884 2738 τοῦ
1933 2674 2228 2754 ῥήματος.
2279 2711 2364 2722 —
2413 2675 2686 2761 Praepo-

299 2779 594 2842 sitionem
634 2777 775 2855 περί
812 2777 1075 2844 elisione
1113 2781 1181 2842 in
1222 2802 1332 2858 περ
1371 2783 1696 2844 transiisse
1721 2779 1826 2844 vel
1849 2786 2276 2866 augmentum
2299 2781 2686 2866 syllabicam

299 2885 365 2946 in
422 2884 541 2948 hac
588 2883 895 2948 dramatis
941 2890 1155 2970 parte,
1206 2906 1365 2969 quae
1413 2907 1541 2949 non
1586 2885 1794 2971 lyrica
1841 2907 2047 2970 neque
2095 2888 2273 2971 epica
2319 2893 2449 2964 est,
2501 2889 2689 2952 omis-

302 3010 445 3052 sum
491 3010 661 3066 esse,
702 2992 813 3054 vix
854 2990 1329 3056 admittendum
1368 2997 1485 3056 est.
1521 2990 1855 3056 Wecklein
1893 2993 2171 3077 praefert
2215 2993 2684 3070 περεσκήνωσεν,

302 3097 401 3158 uti
460 3095 693 3180 Agam.
751 3092 924 3160 1147
988 3094 1353 3175 περέβαλον,
1402 3097 1517 3160 ubi
1560 3099 1627 3160 in
1674 3096 1881 3183 lyrica
1929 3104 2109 3182 parte
2158 3098 2467 3163 dramatis
2514 3097 2683 3165 Weil

303 3206 367 3264 et
409 3199 691 3265 Dindorf
730 3201 1073 3281 περίβαλον
1121 3203 1429 3267 scribunt.
1912 3201 1917 3206 ’

388 3414 661 3482 Eumen.
712 3414 865 3484 678.

528 3534 669 3588 ΑΘ.
718 3525 780 3588 τί
826 3523 986 3604 γάρς
1039 3521 1181 3603 πρὸς
1234 3523 1397 3601 ὑμῶν
1444 3529 1569 3596 πῶς
1619 3528 1827 3593 τιθεῒσ’
1870 3526 2170 3606 ἄμομφος
2217 3519 2295 3602 ὦ;

302 3624 515 3693 Unum
558 3629 889 3696 Minervae
928 3651 1194 3695 versum
1235 3630 1449 3696 deesse
1467 3681 1483 3710 ,
1525 3633 1708 3697 facile
1746 3631 1912 3698 vele
1937 3633 2348 3718 dispositione
2372 3650 2682 3698 versuum

302 3741 595 3822 apparet,
668 3738 779 3822 qui
846 3741 1059 3802 tamen
1083 3785 1098 3814 ,
1172 3758 1277 3801 me
1344 3738 1556 3803 iudice
1575 3787 1590 3816 ,
1655 3759 1782 3803 non
1842 3745 1987 3824 post
2045 3741 2217 3806 hunc
2278 3762 2545 3806 versum
2606 3747 2683 3804 ut

302 3839 643 3907 Kirchhoff
672 3846 1037 3921 annotavit,
1087 3843 1197 3907 sed
1242 3848 1387 3908 ante
1434 3865 1587 3909 eum
1630 3845 1887 3911 excidit.
1939 3845 2306 3912 Videamus.
2357 3847 2646 3912 Minerva
2665 3893 2682 3924 ,

303 3953 638 4033 postquam
677 3970 739 4013 v,
779 3947 911 4014 484
958 3949 1122 4012 dixit
1172 3970 1237 4013 se
1282 3969 1524 4014 novum
1566 3950 1849 4015 tribunal
1884 3953 2335 4017 instituturam
2353 4001 2369 4030 ,
2411 3954 2570 4018 abiit
2607 3957 2683 4016 ut

302 4053 539 4119 iudices
566 4053 831 4139 selegat.
873 4052 1091 4132 Quum
1127 4057 1267 4139 ipsa
1300 4057 1369 4117 in
1407 4075 1659 4120 scenam
1699 4055 1897 4132 redit,
1935 4061 2090 4122 novi
2114 4059 2382 4135 iudices,
2416 4079 2682 4122 numero

304 4160 525 4244 procul
587 4161 780 4226 dubio
841 4160 1181 4225 duodecim
1199 4209 1214 4238 ,
1266 4160 1637 4226 solemniter
1683 4162 2069 4228 orchestram
2115 4167 2356 4229 intrant
2402 4170 2464 4228 et
2513 4163 2686 4230 sellis

306 4286 381 4330 ex
424 4267 689 4332 adverso
736 4287 957 4332 scenae
1004 4271 1151 4342 ante
1196 4266 1372 4331 sedes
1418 4270 1924 4352 magistratuum
1970 4271 2052 4333 iis
2100 4273 2342 4355 paratis
2385 4271 2682 4349 insident.

305 4369 407 4436 Sic
450 4373 845 4437 auditorium
892 4378 1106 4437 totum
1152 4372 1226 4436 fit
1271 4373 1615 4437 concilium
1663 4373 1918 4458 populi,
1969 4378 2074 4440 cui
2121 4377 2318 4440 tibiae
2358 4383 2580 4441 cantus
2621 4383 2686 4440 et

304 4481 626 4562 praeconis
672 4477 913 4543 clamor
960 4481 1213 4544 ἀκούετε
1265 4478 1383 4559 λεῴ
1431 4477 1762 4544 silentium
1809 4481 2172 4565 imponunt.
2238 4481 2522 4567 (Optime
2568 4480 2686 4545 hac
