3351 5463
1262 403 1699 452 rnuvrmonus.
2533 379 2663 449 387

290 570 520 654 quibus
587 569 844 633 omissis
911 566 1089 631 locus
1149 565 1444 653 intellegi
1501 570 1746 653 nequit.
1812 602 1895 617 --·
1958 567 2048 631 ib.
2096 566 2132 629 f
2175 563 2356 644 (418,
2380 562 2451 645 5)
2512 564 2539 627 ὂ
2599 564 2665 628 δὲ

287 672 674 749 δεισιδαίμων
721 670 788 737 οὑ
837 669 1181 749 βούλεται,
1231 674 1506 737 πιστεύει
1547 674 1600 737 δ’
1641 670 1839 736 ἄκων·
1878 671 2181 750 φοβεῖται
2222 669 2352 749 γὰρ
2376 671 2665 733 ἀπιστεῖν

285 781 378 843 ita
434 778 612 843 solus
673 776 766 841 D:
833 779 1028 843 ceteri
1091 798 1240 841 cum
1284 780 1353 841 in
1399 778 1745 863 archetypo
1793 797 1911 843 suo
1959 777 2151 842 verba
2197 776 2324 853 γὰρ
2376 776 2664 840 ἄπιστεῒν

287 905 411 949 non
444 885 843 950 invenissent
860 932 877 961 ,
915 881 1376 969 suppleverunt
1422 883 1498 947 de
1543 904 1662 949 suo
1711 884 2037 947 ἀποθανεῖν
2086 883 2211 963 γὰρ
2256 886 2405 947 ante
2450 881 2667 961 φοβεῖ·-
2766 912 2773 918 ·

287 1012 414 1054 ται.
463 1026 552 1039 --
597 988 968 1073 Insequitur
1011 988 1210 1052 καίτοι
1260 992 1327 1065 γ’
1375 984 1572 1067 ὥσπερ
1621 988 1650 1052 ὃ
1698 988 2032 1059 Τάνταλος
2080 986 2370 1059 (auditur
2406 986 2665 1066 ήγοὶπα)

293 1094 624 1159 ὑπεκδῦναι
679 1094 784 1157 τὸν
843 1094 1006 1159 λίθον
1060 1093 1532 1173 ἐπαιωρούμενον
1577 1091 1731 1159 οὕτω
1780 1093 1883 1157 κα)
1936 1089 2104 1164 οὗτος
2152 1092 2440 1172 (auditur
2488 1093 2669 1156 ὑπεκ-

289 1199 487 1281 δῦναι)
550 1201 652 1265 τὸν
709 1199 909 1279 Φόβον
973 1201 1052 1270 ὥς
1099 1201 1218 1279 οὑχ
1263 1196 1441 1275 ἦττον
1491 1198 1596 1265 ὑπ’
1638 1200 1829 1264 αὑτοῦ
1877 1195 2227 1277 πιεζόμενος
2273 1198 2664 1274 ἀγαπήσειεν

289 1304 366 1370 ἂν
421 1307 518 1370 ita
576 1304 638 1369 D
689 1325 843 1370 cum
901 1303 1184 1369 familia:
1249 1306 1300 1369 εί
1363 1304 1428 1369 δὲ
1474 1301 1673 1384 ὥσπερ
1718 1304 1749 1367 ὁ
1798 1303 2135 1375 Τάνταλος
2183 1303 2512 1367 ὑπεκδῦναι
2561 1301 2666 1366 τὸν

285 1410 448 1475 λίθον
508 1409 986 1488 ὑπαιωρούμενος
1040 1412 1124 1489 τῷ
1171 1408 1354 1490 φόβῳ
1403 1409 1511 1474 καὶ
1559 1408 1913 1489 πιεζόμενος
1964 1410 2355 1485 ἀγαπήσειεν
2402 1406 2481 1471 ἂν
2525 1406 2669 1473 reli-

288 1518 430 1599 qui,
483 1514 716 1599 quibus
761 1515 1031 1600 receptis
1071 1513 1290 1579 locum
1335 1516 1743 1600 interpretari
1784 1534 1916 1579 non
1962 1516 2185 1598 possis.
2236 1549 2321 1563 -
2366 1534 2430 1598 p.
2484 1509 2667 1579 1712.

288 1618 468 1700 (419,
499 1619 612 1701 19)
673 1618 962 1698 περιόδοις
1023 1621 1284 1694 σελήνης
1345 1620 1380 1695 ἢ
1443 1621 1746 1695 κινήσεσιν
1813 1621 1981 1694 ήλίου
2044 1622 2141 1684 ita
2197 1619 2270 1697 D,
2331 1621 2401 1682 in
2446 1620 2673 1683 ceteris

291 1726 551 1798 σελήνης
621 1724 870 1811 sig-lum
927 1725 1232 1790 excidisse
1291 1725 1573 1790 videtur.
1635 1762 1725 1775 —
1788 1746 1853 1809 p.
1906 1721 2032 1789 171
2054 1745 2088 1789 e
2130 1722 2314 1805 (420,
2346 1723 2457 1804 19)
2518 1724 2568 1788 οί
2617 1721 2671 1789 δ’

291 1830 532 1895 ἄτεκνοι
596 1832 770 1910 παρὰ
833 1836 948 1894 τῶν
991 1830 1264 1903 πενήτων
1316 1829 1625 1905 ὠνούμενοι
1675 1830 1897 1894 παιδία
1946 1826 2347 1910 κατέσφαζον
2395 1828 2673 1907 καθάπερ

293 1932 482 2012 ἄρνας
540 1937 636 2001 ita.
695 1934 754 2001 D
817 1956 968 2001 cum
1011 1934 1293 2015 familis,
1341 1938 1412 2001 in
1455 1938 1685 2002 ceteris
1731 1933 2127 2015 κατέσφαζον
2174 1935 2446 2001 verbum
2488 1937 2677 1999 omis-

293 2062 440 2106 sum
499 2046 598 2105 est
616 2087 634 2118 ‚
693 2041 960 2106 fortasse
1023 2046 1242 2105 tamen
1303 2046 1563 2127 propter
1603 2044 1943 2125 insequens
1988 2041 2285 2119 καθάπερ.
2338 2076 2421 2089 —-·
2469 2038 2674 2104 Paulo

295 2151 440 2232 post
501 2144 712 2224 κρότον
772 2170 843 2209 τε
889 2146 1384 2223 κατεπίμπλατο
1434 2147 1650 2212 πάντα
1675 2184 1762 2197 --
1790 2184 1875 2197 --
1900 2151 2005 2211 τοῦ
2051 2149 2141 2224 μή
2189 2144 2516 2222 γίγνεσθαι
2563 2146 2673 2220 τὴν

292 2252 439 2329 βοὴν
487 2258 604 2315 τῶν
651 2251 865 2332 θρήνων
913 2249 1279 2326 ἐξάκουστον
1327 2251 1386 2316 D
1434 2273 1585 2317 oum
1621 2252 1901 2318 fiamffla:
1945 2249 2035 2316 ἔτι
2074 2251 2135 2316 δὲ
2178 2250 2672 2327 κατεπίμπλατο

297 2394 382 2407 -
409 2394 494 2407 -
536 2362 640 2421 τοῦ
706 2359 794 2435 μὴ
859 2357 1142 2433 γενέσθαι
1206 2358 1316 2430 τὴν
1377 2357 1592 2433 βόήσιν
1654 2357 2042 2435 ἐξάκουστον.
2104 2393 2189 2405 —-·
2251 2356 2541 2441 Denique
2582 2355 2669 2421 ib.

295 2463 411 2528 sub
456 2484 494 2527 e
541 2462 721 2543 (421,
755 2462 867 2543 11)
915 2463 1104 2528 haec:
1152 2464 1452 2540 φευκτέον
1501 2460 1598 2528 οὖν
1645 2464 1841 2537 αὑτὴν
1889 2466 2196 2540 ἀσφαλῶς
2243 2486 2314 2526 τε
2360 2463 2467 2526 καὶ
2521 2484 2674 2539 συμ-

295 2568 594 2648 φερόντως
643 2567 702 2632 D
750 2589 902 2633 cum
947 2568 1228 2634 familia:
1292 2570 1488 2634 ceteri
1533 2553 1753 2634 autem
1798 2568 1894 2634 nil
1936 2570 2063 2633 nisi
2105 2567 2405 2648 φευκτέον
2453 2569 2671 2643 αὑτήν.

297 2710 376 2725 -·
443 2674 633 2740 Nunc
692 2674 952 2740 tandem
1009 2674 1416 2762 intellegitur
1473 2677 1670 2741 etiam
1716 2697 1779 2762 p.
1831 2671 1959 2741 167
1979 2695 2016 2740 a
2060 2672 2241 2755 (409,
2270 2672 2336 2756 5)
2384 2673 2674 2740 eiusdem

293 2783 516 2865 scripti
575 2781 772 2847 verba
835 2778 1018 2850 οὕτως
1083 2785 1118 2857 ἦ
1175 2782 1563 2858 κακοδαίμων
1610 2781 2053 2857 δεισιδαιμονία
2103 2790 2178 2863 τῇ
2225 2789 2481 2861 περιττῇ
2528 2780 2672 2858 πρὸς

293 2883 470 2949 ἅπαν
539 2885 609 2949 τὸ
684 2884 890 2949 δοκοῦν
954 2885 1142 2950 δεινὸν
1209 2886 1520 2968 εὐλαβείᾳ
1583 2886 1870 2953 λανθάνει
1934 2887 2157 2960 ἑαυτὴν
2222 2885 2674 2962 ὑποβάλλουσα

295 2989 604 3062 παντοίοις
651 2989 860 3061 δεινοῖς
907 3011 1069 3074 quae
1113 2991 1172 3056 D
1217 3012 1368 3057 cum
1403 2991 1648 3057 familia
1688 2993 1975 3070 exhibet,
2017 2993 2298 3078 genuina
2334 2998 2399 3057 et
2436 2993 2677 3056 sincera

295 3115 430 3161 esse
446 3144 463 3173 ‚
513 3095 734 3180 spuria.
778 3101 998 3160 autem
1045 3101 1109 3160 et
1151 3096 1537 3182 interpolata
1582 3119 1743 3182 quae
1788 3104 1935 3163 ante
1978 3097 2359 3184 legebantur
2402 3095 2584 3168 οὕτως
2637 3099 2671 3171 ἠ

294 3199 504 3265 κακοδ.
569 3199 1008 3276 δεισιδαιμονία
1063 3201 1198 3265 καὶ
1247 3204 1383 3281 θεῷ
1432 3202 1502 3282 (1.
1551 3198 1596 3266 ἃ
1645 3206 1873 3284 κακῶν)
1920 3204 1989 3266 τὸ
2036 3203 2109 3284 (1.
2159 3205 2271 3283 τῷ)
2316 3207 2405 3277 μὴ
2452 3203 2671 3266 παθεῖν

296 3301 685 3384 ἐκπέφευγεν
725 3305 1078 3386 ἀφυλάκτῳ
1125 3306 1194 3385 (1.
1233 3307 1588 3385 ἀφύλακτα
1629 3311 1741 3388 τῷ)
1792 3307 2126 3387 προσδοκᾶν
2170 3309 2333 3387 αὐτῇ
2374 3307 2443 3390 (1.
2486 3307 2674 3389 αὐτῇ)

297 3413 594 3485 πεποίηκε
642 3412 748 3493 (of.
793 3411 1086 3498 Symbol.
1136 3433 1309 3478 meas
1353 3416 1422 3476 in
1468 3412 1644 3477 Plut.
1693 3413 1859 3478 Mor.
1907 3435 1971 3498 p.
2023 3413 2155 3498 61).
2208 3413 2381 3494 Quae
2418 3415 2675 3478 etiamsi

295 3520 717 3604 corrigantur,
780 3520 924 3601 quis
965 3539 1095 3583 non
1141 3518 1322 3584 videt
1365 3516 1843 3604 interpolatoris
1888 3539 2023 3585 esse
2069 3519 2262 3584 verbe
2306 3521 2492 3583 anxie
2536 3538 2675 3582 con-

297 3620 655 3688 cludentis?
693 3621 948 3687 Similia
985 3627 1138 3688 sunt
1174 3643 1336 3708 quae
1374 3622 1528 3689 alibi
1563 3623 1891 3710 leguntur,
1932 3624 2115 3690 velut
2146 3645 2208 3709 p.
2236 3622 2371 3688 53⁶
2395 3621 2576 3704 (130,
2602 3621 2673 3703 3)

197 3781 206 3792 .
294 3729 408 3794 ubi
473 3729 668 3795 verba
734 3736 864 3800 τοῖς
934 3729 1163 3808 χείροσι
1237 3733 1484 3806 μᾶλλον
1557 3730 1940 3809 ὑποκρίνεται
2011 3729 2253 3809 χαίρειν
2320 3730 2391 3793 in
2451 3730 2675 3794 ceteris

296 3835 532 3899 omissa.
570 3833 763 3898 codex
801 3832 860 3897 D
895 3837 1196 3900 servavit.
1245 3835 1510 3900 Frustra
1547 3839 1771 3900 tuetur
1804 3834 2143 3920 vulgatam
2179 3835 2384 3900 Paton
2401 3881 2418 3911 ,
2460 3835 2677 3907 ὁμοίως

293 3942 361 4004 in
385 3935 583 4015 ὅμοιος
609 3944 868 4004 mutans
885 3987 902 4017 ,
931 3961 1082 4004 nam
1106 3942 1299 4006 verba
1319 3941 1398 4005 de
1421 3942 1651 4026 quibus
1675 3944 1914 4027 agitur,
1940 3945 2004 4006 et
2027 3947 2284 4026 propter
2305 3959 2677 4025 praegressa

293 4046 708 4129 requiruntur
743 4049 808 4110 et
836 4053 1095 4130 propter
1116 4048 1545 4130 insequentia3
1587 4067 1781 4130 supra
1804 4049 1979 4112 enim
2004 4049 2291 4131 primum
2316 4047 2399 4110 τοὶ
2423 4047 2675 4127 χείρονα

293 4149 524 4214 deinde
583 4149 667 4214 τὰ
729 4148 964 4226 βελτίω
1011 4156 1614 4216 commemorantur.
1660 4151 1804 4217 Hoc
1850 4156 2069 4216 autem
2114 4151 2272 4217 loco'
2299 4151 2377 4217 ad
2425 4153 2676 4231 χείρονα

295 4256 642 4320 revertitur
699 4256 970 4338 scriptor
1033 4255 1110 4320 de
1171 4258 1264 4319 eis
1325 4255 1633 4322 dicturus.
1682 4255 1922 4321 Verum
1970 4259 2025 4320 si
2068 4257 2156 4320 τοὶ
2204 4261 2430 4336 φαῦλα
2452 4303 2467 4334 ,
2517 4247 2676 4341 quae

295 4355 742 4442 insequuntur,
789 4359 1082 4424 variandi
1125 4380 1348 4439 causa,
1395 4360 1532 4426 loco
1579 4361 1699 4426 τῶν
1743 4361 2024 4441 χειρόνων
2072 4362 2370 4439 dixisset,
2420 4364 2563 4447 quis
2608 4362 2676 4426 id

292 4463 716 4547 intellexisset
731 4512 749 4543 ,
814 4486 966 4529 cum
1024 4467 1110 4530 τὰ
1172 4467 1418 4546 χείρονα
1481 4473 1622 4531 octo
1684 4468 1975 4532 versibus
2030 4474 2177 4532 ante
2192 4515 2213 4547 ‚
2260 4467 2487 4532 multis
2532 4467 2677 4532 aliis
