3351 5463
658 388 785 457 176
1524 411 2166 459 onsnnurmnoumn

650 576 1112 654 sessionem,
1182 577 1307 639 eive
1378 600 1497 639 non
1550 577 1899 659 possideat,
1967 577 2083 640 vim
2142 577 2250 639 ilbi
2302 576 2644 659 possidenti
2690 598 2765 639 ne
2793 574 3041 661 faciat.

652 683 824 747 Mihi
870 704 1021 747 vero
1070 683 1326 748 videtur
1370 683 1489 749 hac
1536 684 1937 769 paragrapho
1986 684 2062 747 ab
2110 685 2287 747 omni
2332 683 2446 747 lite
2495 683 2883 759 discessum;
2939 702 3046 767 ap-

648 794 833 874 paret
879 791 1051 852 enim
1096 788 1437 853 interdicta
1484 788 1856 854 secundaria
1897 789 2040 853 ideo
2091 792 2477 873 comparari,
2530 794 2606 853 ut
2645 789 3047 853 contumacis

651 893 759 960 vel
806 916 873 958 re
922 894 1188 977 confessi
1218 894 1265 974 ¹)
1315 895 1536 960 eadem
1586 898 1672 959 sit
1721 895 2003 959 condicio
2053 916 2214 979 quae
2261 897 2441 960 victi.
2489 894 2698 980 ErgO,
2749 896 2806 958 si
2852 893 3048 957 datur

651 1001 953 1064 adversus
1016 1005 1456 1065 contumacem
1518 1022 1669 1066 reve
1717 1002 2078 1066 confessum
2124 1000 2542 1066 interdictum
2564 1050 2578 1077 ,
2632 1000 2803 1086 quod
2850 999 3046 1064 modo

648 1105 1145 1192 prohibitorium
1192 1111 1319 1183 est,
1370 1107 1558 1171 modo
1607 1110 2116 1183 restitutorium,
2158 1107 2670 1192 praeiudicatum
2711 1111 2808 1171 est
2849 1106 2926 1170 de
2970 1125 3047 1169 eo

648 1212 820 1295 quod
884 1214 1095 1295 primo
1155 1210 1292 1275 loco
1353 1212 1644 1277 redditur
1668 1211 1741 1291 2).
1810 1212 1977 1276 Nam
2037 1212 2106 1277 id
2155 1232 2410 1296 quoque
2456 1212 2643 1276 modo
2694 1212 3048 1297 prohibito-

648 1319 823 1381 rium
886 1320 1040 1393 erit,
1104 1318 1161 1380 si
1218 1320 1431 1381 iustus
1480 1338 1800 1402 possessor
1846 1320 1913 1381 in
1960 1320 2354 1403 possessione
2401 1320 2521 1394 sit,
2573 1320 2672 1381 sin
2718 1320 3005 1381 iniustus
3028 1364 3046 1394 ,

650 1424 1145 1488 restitutorium.
1195 1422 1489 1499 Accedit,
1533 1423 1704 1507 quod
1742 1423 2022 1485 utrubi
2059 1422 2513 1499 interdictum,
2558 1423 2713 1507 quin
2737 1425 2824 1485 sit
2849 1421 3045 1487 modo

651 1528 1181 1612 prohibitorium,
1230 1528 1422 1592 modo
1470 1530 1975 1604 restitutorium,
2024 1550 2102 1592 ne
2151 1528 2434 1593 dubitari
2484 1527 2746 1613 quidem
2795 1532 3046 1612 potest;

651 1632 979 1719 praevalet
1026 1636 1199 1697 enim
1247 1634 1366 1697 hoc
1385 1682 1402 1710 ,
1453 1637 1565 1717 qui
1614 1636 1853 1698 maiore
1902 1636 2038 1697 eius
2085 1636 2233 1698 anni
2274 1639 2454 1718 parte
2492 1633 2846 1717 possederit
2864 1680 2882 1709 ,
2924 1634 3050 1696 etsi

650 1759 820 1803 nunc
881 1738 1281 1803 adversarius
1344 1738 1661 1823 possideat
1725 1737 1894 1816 (Gai.
1943 1738 2033 1802 IV
2078 1741 2113 1824 ξ
2154 1738 2332 1822 150).
2407 1740 2508 1803 An
2569 1737 2741 1802 illud
2789 1738 3043 1813 obstet,

652 1845 821 1930 quod
883 1843 1210 1909 Iulianum
1273 1848 1346 1908 de
1394 1846 1771 1908 clandestina
1805 1846 2178 1925 possessione
2224 1846 2702 1909 restitutorium
2747 1843 3050 1908 interdic—

651 1955 797 2014 tum
858 1950 1261 2036 flagitantem
1307 1950 1458 2014 audi
1469 1953 1680 2017 vimus
1709 1948 1779 2028 ³),
1829 1950 2184 2015 videndum
2230 1955 2347 2013 est.
2397 1948 2523 2014 Sed
2569 1950 2714 2015 ideo
2763 1970 2892 2014 non
2941 1948 3049 2013 ob-

650 2061 778 2121 stat
798 2104 813 2133 ,
878 2058 1029 2140 quia
1085 2077 1328 2120 novum
1391 2055 1810 2120 interdictum
1873 2062 1947 2120 ut
1993 2059 2302 2139 perpetuo
2350 2054 2633 2119 dandum
2680 2055 3044 2141 flagitavit,

652 2183 855 2247 quum
915 2162 1039 2223 uti
1095 2160 1559 2243 possidetis
1620 2161 2037 2225 interdictum
2099 2161 2177 2224 ad
2242 2160 2714 2245 prohibendum
2779 2160 3046 2244 quidem

650 2273 1037 2353 perpetuum
1074 2269 1270 2332 fuisse
1319 2267 1543 2330 debeat
1568 2266 1639 2347 ⁴),
1687 2266 1864 2330 idem
1912 2267 1990 2331 ad
2037 2267 2530 2351 recuperandam
2577 2268 3049 2351 possessionem

653 2372 908 2448 annale,
976 2372 1145 2457 quod
1206 2372 1489 2437 efficiunt
1549 2372 1744 2437 verba
1805 2371 1876 2451 (1.
1933 2372 1965 2436 1
2018 2393 2113 2456 pr.
2165 2372 2242 2435 D.
2294 2368 2581 2451 43.17):
2647 2372 2878 2435 intra
2926 2394 3050 2434 an-

654 2502 857 2555 num,
921 2501 1061 2562 quo
1112 2478 1456 2559 primum
1520 2478 2010 2559 experiundi
2062 2483 2437 2558 potestas
2484 2476 2812 2562 fuerit,
2881 2496 3046 2560 quae

653 2606 778 2649 non
842 2588 1020 2648 erant
1064 2587 1132 2647 in
1177 2586 1482 2668 primario
1528 2582 1868 2647 interdicto
1890 2631 1904 2657 ,
1961 2602 2040 2645 ne
2087 2569 2330 2646 scilicet
2376 2581 2680 2647 adversus
2725 2602 2856 2645 non
2904 2602 3050 2666 pos-

653 2690 965 2755 sidentem
1005 2696 1069 2754 et
1111 2692 1248 2755 vim
1285 2691 1623 2756 facientem
1661 2687 1932 2754 facultas
1972 2690 2323 2773 eriperetur
2358 2694 2667 2774 perpetuo
2694 2687 2930 2774 agendi
2957 2724 3044 2736 -

652 2817 805 2860 nam
857 2801 1026 2859 recte
1074 2796 1227 2859 dicit
1274 2795 1476 2860 Witte
1522 2795 1870 2859 absurdum
1919 2794 2054 2859 fore
2076 2842 2092 2870 ,
2141 2797 2198 2857 si
2243 2795 2387 2858 ideo
2426 2793 2809 2859 concedatur
2846 2796 3051 2878 possi·

652 2901 827 2965 denti
896 2903 1035 2965 vim
1105 2900 1273 2978 fieri,
1347 2901 1518 2985 quod
1578 2903 1778 2965 etiam
1840 2906 1987 2965 ante
2049 2919 2289 2963 annum
2352 2900 2518 2963 facta
2580 2902 2666 2963 sit
2693 2902 2749 2979 ⁶)
2805 2937 2880 2946 —
2933 2899 3050 2964 sed

654 3013 832 3071 erant
890 3009 958 3068 in
1006 3006 1342 3071 interdicto
1392 3006 1765 3071 secundario
1812 3011 1877 3069 et
1923 3007 2322 3070 restitutor-io
2343 3054 2359 3081 ,
2409 3010 2484 3068 ut
2533 3007 2645 3088 qui
2690 3025 2856 3069 anno
2903 3025 3050 3091 pos-

652 3113 918 3177 sedisset
964 3117 1169 3176 cetera
1216 3133 1294 3176 ex
1338 3112 1674 3176 interdicto
1713 3115 1977 3195 impune
2018 3131 2306 3176 recusare
2347 3115 2578 3194 posset.
2630 3109 2859 3194 Itaque
2899 3116 3049 3195 post

648 3237 889 3282 annum
951 3217 1253 3282 adversus
1315 3217 1746 3302 possidentem
1808 3217 2045 3280 frustra
2105 3215 2392 3280 redditur
2450 3214 2873 3280 interdictum
2920 3219 3053 3300 pri-

717 3463 769 3524 1)
816 3462 925 3509 Hoc
976 3460 1161 3510 mavult
1210 3460 1332 3508 civis
1383 3474 1517 3508 meus
1570 3461 1832 3522 Kappeyne
1878 3458 2160 3521 (Αόλιακάι,
2199 3457 2344 3515 1885,
2378 3474 2425 3521 p.
2465 3457 2777 3523 leo—178),
2829 3457 3048 3522 dicitque

650 3543 859 3592 multum
894 3543 1149 3600 interesse,
1187 3541 1315 3605 quod
1350 3555 1445 3588 non
1479 3543 1612 3604 puto.
2935 3531 2948 3540 ’

717 3625 773 3686 2)
824 3623 879 3670 Id
914 3622 1107 3685 quidem
1140 3621 1321 3686 optime
1355 3621 1503 3669 sensit
1536 3623 1585 3668 et
1616 3619 1848 3684 expressit
1882 3619 2000 3668 civis
2033 3633 2164 3668 meus
2199 3620 2329 3684 (pag.
2384 3618 2530 3679 wo:
2573 3621 2691 3668 »das
2723 3621 3047 3672 interdictum

650 3703 824 3767 duplex
873 3703 1031 3766 (lost
1077 3702 1242 3766 sich)
1287 3702 1340 3749 in
1384 3701 1498 3750 moes·
1542 3701 1780 3765 simplicia
1823 3701 1953 3764 aas,
1995 3701 2072 3749 oin
2119 3700 2523 3749 restitutor-ochos
2569 3703 2780 3761 Del-ret,
2827 3704 2936 3750 und
2967 3704 3047 3752 ein

647 3783 890 3848 einsaehee
925 3780 1349 3847 prohibitorium’ffi

717 3865 773 3927 8)
809 3863 977 3928 Capite
1011 3863 1183 3912 harum
1220 3860 1748 3912 observatiunculerum
1784 3861 1960 3910 LXIX
1996 3861 2079 3922 (ad
2115 3861 2149 3908 1.
2185 3861 2215 3913 Ἰ
2255 3863 2322 3922 §5
2357 3862 2419 3910 D.
2439 3863 2516 3911 10.
2539 3863 2612 3927 3).

714 3947 767 4006 4)
801 3945 1051 4008 Temporis
1086 3944 1379 4008 exceptioni,
1415 3959 1535 4008 quae
1565 3943 1827 4008 praeterita
1861 3942 1918 3988 de
1951 3940 2128 3988 iudicio
2163 3941 2444 3991 subtrahere
2478 3943 2626 4002 solet,
2664 3944 2799 3993 locus
2835 3961 2936 3995 non
2972 3949 3044 3995 est

646 4027 699 4074 in
743 4025 1079 4090 prohibitoriis
1122 4025 1418 4083 interdictis,
1472 4025 1584 4088 quis
1630 4025 1895 4086 loquuntur
1939 4021 1998 4068 de
2045 4021 2225 4069 futuro.
2275 4023 2416 4086 Quod
2459 4021 2656 4073 obscure
2696 4026 2822 4075 dixit
2857 4027 3042 4086 Witte,

646 4109 735 4156 das
779 4107 950 4155 interd.
1003 4107 1076 4154 uti
1119 4107 1293 4170 possid.
1332 4107 1513 4170 (1863)
1549 4122 1595 4170 p.
1634 4104 1755 4156 14¹1:
1793 4102 1862 4150 ita
1898 4101 2000 4149 fieri
2034 4102 2269 4164 potuisse,
2306 4109 2360 4152 ut
2395 4104 2446 4152 in
2478 4105 2738 4156 interdicto
2775 4108 2853 4157 uti
2889 4109 3044 4173 possi·

646 4189 769 4237 detis
802 4188 933 4236 locus
966 4192 1089 4237 esset
1125 4189 1357 4252 temporis
1390 4187 1684 4252 exceptioni,
1717 4185 1756 4232 si
1791 4185 1985 4246 praetor
2017 4182 2207 4232 loeutus
2240 4192 2362 4234 esset
2397 4188 2454 4234 de
2489 4189 2769 4251 praeterito.

714 4270 770 4332 5)
816 4271 909 4332 Op.
954 4269 1034 4316 cit.
1082 4285 1131 4332 p.
1170 4269 1293 4319 147:
1348 4269 1620 4317 ‚Verkehrt
1654 4267 1722 4312 ist
1759 4265 1821 4311 im
1857 4263 2001 4310 Sim
2035 4263 2117 4311 des
2151 4265 2441 4315 Hassieeken
2474 4268 2678 4317 Rea-lates
2710 4269 2792 4318 die
2836 4271 3044 4336 7015ἆό-

646 4351 977 4413 ramqsklausel
1016 4350 1305 4412 anqebracht
1321 4387 1334 4408 ,
1378 4350 1550 4398 welche
1590 4348 1642 4394 in
1685 4345 1854 4392 diesem
1901 4343 2331 4408 lusan-amave
2375 4349 2611 4396 “tweder
2647 4351 2740 4398 den
2778 4353 2901 4400 Sata
2934 4357 3042 4400 ent-

650 4433 817 4480 halten
852 4431 997 4479 habe-
1032 4432 1215 4488 wiardo,
1253 4433 1399 4479 dass
1432 4432 1538 4478 der
1567 4425 1800 4476 einmal
1825 4427 2118 4485 yeeto’rte
2149 4423 2376 4475 Beeite
2407 4429 2564 4476 nack
2598 4430 2801 4478 einen
2835 4433 3042 4481 Jahn

644 4514 992 4576 ibor-haupt
1025 4508 1351 4562 sck‘utnloe
1382 4512 1518 4562 eoin
1554 4503 1786 4559 eollt0”
1821 4504 1966 4566 (quod
2001 4503 2284 4570 absurdum)
2323 4510 2464 4557 ‚oder
2496 4511 2587 4558 den
2613 4512 2776 4573 yleick
2818 4515 3041 4564 verlohr-
