3351 5463
675 323 715 388 6
1742 347 1973 396 LIVIUS.

675 515 846 576 satae
878 514 1026 574 sint.
1067 512 1278 596 Atque
1325 533 1452 576 non
1490 513 1608 578 hoc
1633 513 1859 577 Livius
1881 517 2129 591 innuit,
2174 514 2309 580 fieri
2336 519 2618 600 potuisse
2638 565 2653 593 ,
2680 521 2755 580 ut
2778 521 3059 600 potestas

679 618 1017 682 tribunicia
1065 617 1399 682 tolleretur
1446 619 1563 684 sub
1611 620 1975 685 condicione
2016 620 2261 686 laxatae
2303 643 2617 698 annonae,
2658 622 2768 688 sed
2806 625 3059 686 inversa

673 726 950 799 ratione,
994 730 1067 787 ut
1104 724 1426 788 laxaretur
1465 746 1711 789 annona
1759 727 1876 789 sub
1926 727 2287 791 condicione
2338 727 2625 791 sublatae
2675 729 3055 791 tribuniciae

671 832 1026 912 potestatis.
1115 830 1438 915 Legamus
1509 835 1759 894 mutata
1830 853 1957 896 una
2026 832 2317 897 litterula
2388 833 2774 910 lassando,
2846 834 2909 896 h.
2960 852 3054 896 e.:

678 939 1000 1019 „potuisse
1071 938 1340 1001 arbitror
1410 937 1545 1001 fieri
1603 943 1726 1014 ·ut,
1811 937 2083 1003 laxando
2155 961 2469 1004 annonam
2539 938 3059 1004 condicionibus’¹
3144 993 3155 1000 .

673 1047 933 1118 („unter
996 1042 1528 1128 Bedingungen’',
1593 1043 2151 1129 voorwaardelijk,
2205 1045 2264 1108 6.
2294 1044 2400 1109 42.
2433 1045 2543 1124 11)
2591 1065 2645 1109 e.
2673 1066 2731 1129 q.
2761 1064 2846 1120 e.;
2899 1065 3057 1128 quas

674 1153 891 1210 autem
932 1148 1326 1212 condiciones
1365 1148 1757 1213 intellexerit
1776 1198 1790 1226 ,
1828 1171 1905 1214 ex
1932 1153 2223 1234 sequenti
2248 1152 2560 1214 sententia
2584 1149 2754 1214 ultro
2778 1156 3061 1234 apparet.

764 1390 814 1432 c.
868 1366 974 1431 38.
1003 1366 1064 1430 4.
1139 1368 1302 1448 Quid
1363 1391 1457 1432 eos
1477 1417 1492 1445 ,
1560 1370 1665 1453 qui
1730 1370 2011 1431 audivere
2070 1391 2258 1432 vocem
2311 1368 2665 1450 praeconis,
2722 1368 2901 1452 quid,
2952 1369 3061 1452 qui

673 1496 778 1536 nos
847 1473 1048 1536 videre
1117 1475 1393 1536 abeuntes
1414 1523 1428 1551 ,
1495 1474 1645 1558 quid
1708 1481 1950 1552 (eos),
2015 1475 2119 1559 qui
2180 1475 2321 1537 kuic
2379 1474 2768 1554 iynominioso
2832 1474 3061 1553 aqmini

655 1581 928 1664 fuerunt
996 1579 1184 1654 obvii,
1258 1579 1624 1642 eccistimasse
1682 1578 1959 1661 putatis,
2035 1581 2159 1643 nisi
2220 1581 2473 1664 aliquod
2524 1581 2808 1664 profecto
2874 1581 3061 1665 nefas

649 1707 794 1748 .esse
813 1733 828 1761 ,
894 1708 930 1768 q
948 1707 1033 1746 uo
1053 1733 1066 1759 ‚
1132 1686 1187 1747 si
1250 1685 1590 1748 intersimus
1650 1686 1985 1768 spectaculo
2005 1735 2020 1762 ,
2068 1687 2359 1749 violaturi
2404 1686 2588 1748 simus
2637 1687 2809 1748 ludos
2843 1686 3064 1768 piacu—

675 1791 908 1875 lumque
945 1791 1254 1853 merituri:
1293 1791 1426 1855 ideo
1467 1815 1572 1855 nos
1610 1794 1682 1854 ab
1714 1794 2013 1864 <sede>
2029 1793 2276 1874 piorum
2301 1799 2463 1855 coetu
2486 1790 2849 1875 concilioque
2875 1792 3057 1871 abiqi.

767 1896 1015 1960 Seclusi
1085 1899 1362 1960 otiosum
1431 1917 1791 1986 pronomen
1853 1903 1917 1961 et
1990 1919 2139 1966 cum
2201 1897 2536 1982 Madvigio
2598 1898 2822 1981 scripsi
2894 1919 3058 1980 quo.

674 2003 957 2089 Vulgata
1000 2002 1224 2078 lectio,
1275 2005 1476 2087 quod
1515 2051 1528 2066 .
1560 2052 1618 2067 ..
1662 2025 1862 2065 sumus
1904 2051 1916 2066 .
1950 2051 2006 2066 ..
2050 2004 2358 2080 merituri,
2401 2003 2535 2066 ideo
2578 2025 2684 2065 nos
2726 2050 2739 2065 .
2771 2050 2784 2065 .
2816 2051 2830 2064 .
2874 2002 3056 2081 abiqi,

674 2130 863 2194 aegre
928 2130 964 2172 a
1019 2107 1333 2172 Muellero
1381 2107 1740 2192 explicatur
1782 2130 1895 2192 per
1941 2109 2292 2195 asyndeton
2341 2115 2403 2172 et
2451 2110 2915 2173 sententiarum
2960 2110 3053 2171 in-

676 2217 1070 2291 versionem,
1114 2216 1296 2298 quasi
1334 2214 1406 2276 L.
1451 2217 1813 2298 scripserit:
1863 2221 1941 2278 et
1988 2214 2129 2278 ideo
2167 2235 2279 2278 nos
2323 2265 2338 2280 .
2366 2261 2382 2276 .
2410 2261 2427 2277 .
2469 2215 2680 2299 abigi,
2731 2213 2900 2298 quod
2948 2259 2963 2274 .
2993 2260 3008 2276 .
3039 2260 3056 2276 .

675 2319 1010 2404 piaculum
1059 2322 1260 2383 simus
1307 2322 1624 2385 merituri.
2542 2331 2548 2337 '

770 2425 966 2489 Porro
1011 2423 1151 2488 ludi
1200 2431 1368 2489 recte
1415 2426 1716 2490 dicuntur
1762 2432 1956 2488 coetus
2002 2432 2059 2488 et
2103 2425 2416 2488 concilium
2450 2426 2715 2507 piorum,
2763 2428 2840 2487 ut
2877 2430 3067 2488 antea

683 2529 789 2596 37.
819 2531 880 2607 9,
931 2531 1040 2594 sed
1088 2534 1300 2616 inepte
1348 2534 1513 2594 sedes
1546 2532 1811 2613 piorum,
1862 2534 1971 2616 qui
2017 2537 2115 2596 est
2161 2531 2337 2595 locus
2390 2532 2502 2596 ubi
2556 2531 2833 2596 resident
2889 2531 3064 2596 beati

675 2640 740 2702 in
789 2629 1048 2715 inferis,
1099 2638 1306 2702 veluti
1356 2638 1526 2722 apud
1572 2637 1920 2702 Horatium
1970 2635 2039 2704 C.
2092 2637 2153 2702 2.
2186 2636 2289 2702 13.
2318 2636 2424 2701 23.

768 2878 819 2923 0.
871 2856 979 2920 41.
1009 2856 1071 2921 9.
1136 2858 1220 2920 Id
1276 2879 1413 2920 vero
1473 2856 1639 2919 baud
1685 2880 1850 2919 secus
1896 2880 2071 2941 quam
2104 2864 2482 2938 praesentem
2524 2858 2842 2920 mercedem
2888 2858 3063 2937 reqni

677 2970 999 3047 aspernata
1036 2964 1278 3045 plebes:
1325 2965 1470 3025 adeo
1505 2969 1761 3045 propter
1807 2962 2199 3044 suspicionem
2239 2963 2481 3025 insitam
2522 2962 2692 3042 requi
2709 3010 2724 3039 ‚
2766 2962 2931 3024 vebat
2966 2962 3067 3024 ab·

675 3072 974 3132 undarent
1012 3070 1243 3146 omnia,
1285 3091 1528 3131 munera
1569 3069 1698 3131 eius
1738 3070 1806 3131 in
1848 3068 2148 3131 animis
2192 3068 2577 3131 hominum
2613 3068 3063 3149 respuebantur.

767 3174 948 3253 Quod
985 3178 1116 3238 iam
1158 3174 1406 3259 pridem
1449 3177 1517 3238 in
1557 3174 1835 3238 editione
1875 3195 2017 3239 mea
2058 3176 2543 3260 rescripseram:
2580 3180 2837 3257 propter
2873 3175 3070 3255 suspi-

675 3281 896 3344 cionem
955 3281 1023 3343 in
1070 3279 1288 3343 animis
1335 3279 1634 3343 bominum
1682 3280 1929 3343 insitam
1974 3280 2179 3360 raoni,
2231 3279 2299 3343 id
2347 3278 2463 3343 Ko
2484 3281 2766 3343 chium
2814 3300 3068 3363 quoque

675 3390 946 3451 suasisse
991 3409 1158 3451 nunc
1205 3387 1412 3451 vide0.
1461 3386 1802 3452 Librorum
1850 3386 2195 3451 lectionem
2242 3386 2309 3448 in
2352 3384 2570 3449 animis
2623 3384 2920 3447 hominum
2977 3408 3070 3447 re-

675 3494 1037 3574 spuebantur
1077 3493 1319 3558 insulse
1362 3495 1452 3557 sic
1491 3492 1771 3556 defendit
1818 3491 2209 3556 Muellerus:
2264 3490 2455 3567 „weil
2500 3492 2640 3555 hier
2686 3491 2785 3555 die
2834 3491 3066 3555 Abnei-

674 3620 858 3685 gung
899 3599 1079 3662 ihren
1120 3598 1252 3663 Sitz
1294 3598 1474 3661 hat.”.
1525 3598 1689 3663 Sane
1730 3619 1916 3662 nemo
1958 3598 2076 3663 hoc
2115 3597 2400 3673 dubitat,
2442 3597 2551 3661 sed
2589 3597 2746 3681 quid
2773 3597 2850 3660 ad
2875 3594 3060 3660 rem?

767 3824 818 3866 c.
870 3800 977 3864 42.
1006 3800 1067 3865 8.
1133 3800 1384 3864 Fabium
1449 3799 1593 3863 inde
1649 3823 1857 3863 nomen
1905 3800 2113 3880 inqens
2151 3808 2298 3882 post
2340 3807 2461 3863 tres
2511 3801 2819 3863 continuos
2866 3822 3070 3863 eonsu-

671 3909 833 3971 latus
878 3930 1108 3991 unoque
1153 3907 1318 3970 velut
1360 3912 1558 3969 tenore
1606 3928 1801 3969 omnes
1843 3929 1931 3970 ea·
1937 3930 1987 3989 p
2012 3913 2225 3969 ertos
2265 3905 2609 3969 tribuniciis
2647 3905 3068 3969 certaminibus

673 4013 958 4076 habitum.
1535 4007 1539 4011 ‚

765 4120 1067 4201 Expertus
1113 4139 1431 4203 nusquam
1483 4116 1805 4203 significat
1850 4120 1973 4181 nisi
2020 4140 2132 4181 usu
2178 4118 2447 4197 coynitus
2463 4164 2479 4193 ,
2506 4124 2858 4198 perspectus
2877 4167 2892 4195 ‚
2922 4141 3069 4199 pro·
3144 4108 3151 4113 ⁵

673 4228 877 4301 batus,
944 4246 1144 4308 neque
1207 4245 1517 4309 umquam
1584 4226 1998 4309 coniungitur
2018 4272 2033 4299 ,
2084 4223 2252 4308 quod
2302 4226 2534 4300 sciam,
2590 4244 2739 4287 cum
2786 4222 3068 4289 ablativo

671 4353 822 4404 casu
845 4380 860 4408 ,
925 4337 1036 4395 aut
1097 4332 1356 4414 ponitur
1421 4351 1536 4413 pro
1600 4336 1955 4411 temptatus,
2004 4336 2271 4393 vexatus.
2323 4326 2586 4416 Corrige
2628 4351 2823 4393 omnes
2864 4352 3070 4394 erer-

671 4439 878 4503 citos
926 4436 1064 4502 trib.
1112 4434 1549 4501 certaminibus.
1999 4430 2008 4441 '
