3351 5463
1200 339 1701 396 musmornmns.
2520 334 2643 399 111

286 518 493 594 patrem
539 510 727 593 prius
789 510 968 574 etiam
1028 510 1395 593 interficeret
1454 534 1627 596 quam
1670 518 1852 575 natus
1900 519 2050 576 esset
2092 513 2225 595 ipse
2241 512 2278 575 ?
2291 515 2320 575 l
2382 551 2454 561 —
2503 514 2648 580 Non

285 638 410 683 mea
451 622 670 682 autem
716 616 873 682 haec
918 620 1016 681 est
1062 615 1403 701 explicatio
1422 665 1438 694 ,
1488 617 1598 681 sed
1643 616 1862 683 latitat
1903 620 1974 714 in
2018 617 2395 683 scholiastae
2436 620 2646 685 verbis

286 724 313 797 ἢ
368 723 430 787 τὸ
490 728 685 803 φῦναι
735 723 837 787 καὶ
890 721 1208 799 γεγονέναι
1262 723 1329 785 ἐκ
1376 726 1788 802 παραλλήλου
1837 724 2022 800 ἐστίν,
2073 722 2108 797 ἢ
2158 723 2440 787 σύναπτε
2489 731 2649 805 (συν-

285 826 561 909 απτέονῗ)
622 828 691 891 τὸ
760 827 1041 908 ,,Φῢναι”
1108 827 1255 907 πρὸς
1302 829 1369 891 τὸ
1423 826 1631 907 „Ebu”
1684 828 1754 891 τὸ
1805 828 1865 893 δὲ
1917 829 2328 907 „ysyove'vaea”
2382 830 2524 909 πρὸς
2576 831 2644 893 τὸ

288 933 733 1013 dunensis&

360 1258 539 1323 Nunc
596 1258 767 1323 locos
826 1257 1165 1322 nonnullos
1227 1258 1518 1337 afferam,
1585 1262 1698 1344 qui
1759 1281 1962 1345 neque
2023 1262 2386 1348 corrigendi
2442 1285 2644 1348 neque

282 1362 449 1429 aliter
510 1364 933 1429 distribuendi
994 1364 1105 1430 sed
1161 1362 1350 1447 aliter
1410 1386 1482 1430 ac
1544 1366 1683 1430 fieri
1739 1366 1925 1431 video
1974 1369 2436 1453 interpretandi
2479 1371 2646 1434 mihi

281 1469 586 1535 videntur.
1320 1474 1339 1493 ”
1735 1550 1742 1555 ,

359 1575 457 1639 Vs.
494 1574 647 1641 215.
706 1577 866 1658 Quin
904 1600 1012 1658 aye
1048 1577 1462 1641 suavissimam
1501 1602 1658 1642 nunc
1699 1577 2334 1644 edamuc'cantilenam
2363 1619 2446 1630 —
2473 1602 2641 1646 rana·

280 1700 413 1744 rum
452 1686 666 1767 prima
711 1682 865 1748 haec
911 1689 1063 1748 sunt
1110 1684 1305 1749 verba
1353 1721 1439 1732 —

1077 1787 1144 1863 ἣν
1196 1789 1367 1867 ἀμφὶ
1420 1790 1685 1864 Νυσήιον

1081 1894 1226 1965 Διὸς
1278 1894 1576 1959 Διώνυσον
1626 1898 1687 1959 ἐν

1078 2000 1413 2075 Λίμναισιν
1461 2002 1804 2080 ὥχιὶσαμεν

1081 2106 1253 2185 ἁνίχ’
1302 2106 1330 2169 ὃ
1380 2108 1896 2185 κραιπαλόκωμος

1078 2219 1205 2282 τοῖς
1252 2212 1452 2289 ἱεροῖσι
1505 2213 1785 2291 Χύτροισι

1078 2326 1271 2397 χωρεῖ
1308 2321 1449 2380 κατ’
1502 2317 1647 2392 ἐμὸν
1696 2317 1950 2394 τέμενος
1994 2324 2156 2381 λαῶν
2203 2317 2415 2400 ὄχλος.

276 2414 656 2485 Gnomicum
718 2442 852 2486 esse
899 2423 1209 2486 aoristum
1254 2422 1617 2500 ἄχιὶσαμεν,
1664 2428 1742 2486 ut
1790 2420 2080 2502 ἔστερξαν
2127 2445 2221 2487 vs.
2272 2424 2425 2501 260,
2477 2432 2645 2491 recte

273 2529 486 2591 statuit
557 2527 981 2592 Ruhnkenius
1002 2576 1018 2605 ,
1090 2532 1167 2591 ut
1235 2526 1415 2592 docet
1477 2546 1771 2611 praesens
1837 2527 2007 2611 quod
2070 2528 2486 2592 subiunctum
2550 2534 2649 2594 est

272 2642 463 2707 χωρεῖ.
518 2631 645 2697 Sed
692 2631 885 2697 aliam
926 2634 1081 2697 haec
1118 2633 1313 2697 verba
1347 2632 1810 2716 interpretandi
1848 2634 2161 2696 rationem
2201 2633 2390 2697 hodie
2430 2633 2643 2700 valere

270 2738 441 2802 video
462 2785 477 2815 ‚
525 2741 710 2802 cuius
748 2746 970 2804 auctor
1007 2738 1165 2803 Voss
1204 2739 1331 2802 nisi
1368 2737 1553 2802 fallor
1590 2740 1829 2802 extitit.
1879 2736 2274 2824 Intellegunt
2313 2743 2439 2803 viri
2477 2740 2647 2805 docti

272 2849 491 2905 cantum
554 2866 669 2928 quo
716 2844 857 2906 olim
920 2881 1004 2892 —
1054 2864 1203 2908 cum
1252 2847 1422 2934 inter
1468 2845 1656 2908 vivos
1707 2863 1964 2906 eramus
2015 2881 2099 2890 ——-
2153 2844 2456 2907 Bacchum
2502 2846 2646 2909 cele-

268 2945 573 3012 bravimus,
626 2950 715 3013 At
761 2952 852 3013 sic
896 2949 1352 3034 imperfectum
1400 2944 1615 3034 potius
1663 2948 2106 3033 usurpandum
2157 2953 2223 3013 et
2265 2949 2643 3015 adverbium

270 3073 407 3115 ποτε
472 3053 579 3119 vel
639 3055 955 3119 eiusmodi
1016 3053 1258 3139 aliquid
1304 3053 1664 3119 addendum
1710 3059 1848 3119 erat
1863 3075 1879 3132 3
1929 3061 2254 3140 praeterea
2300 3077 2524 3121 vereor
2570 3061 2646 3119 ut

268 3177 541 3221 ranarum
579 3182 781 3222 manes
818 3163 889 3224 in
930 3158 1136 3246 elysio
1177 3160 1480 3245 degentes
1519 3159 1768 3244 placere
1792 3162 2122 3244 potuerint
2146 3161 2639 3245 spectatoribus:

266 3282 381 3326 non
416 3264 733 3331 festivum
772 3265 880 3330 sed
920 3265 1269 3329 absurdum
1310 3268 1531 3350 opinor
1576 3268 1658 3328 iis
1704 3268 1920 3329 visum
1967 3265 2195 3330 fuisset
2243 3265 2370 3330 tale
2419 3267 2645 3330 comici

266 3367 617 3434 inventum.
688 3370 901 3435 Ranae
926 3418 941 3446 ‚
1014 3389 1175 3454 quae
1235 3373 1303 3434 in
1368 3372 1614 3456 stagnis
1679 3369 1758 3433 ad
1820 3369 2083 3434 Ilissum
2147 3370 2353 3434 audiri
2400 3370 2606 3435 solent
2625 3418 2640 3448 ‚

266 3475 574 3554 quomodo
622 3470 911 3560 Dionyso
950 3475 1315 3565 inferorum·
1350 3474 1527 3539 sedes
1566 3474 1829 3538 adeunti
1869 3477 2149 3539 accinere
2191 3496 2359 3539 nunc
2397 3478 2642 3560 possint

266 3585 443 3659 poeta
527 3581 797 3646 fortasse
864 3602 990 3645 non
1056 3587 1263 3666 rogat.
1349 3580 1491 3645 Nisi
1560 3585 1778 3644 tamen
1844 3579 2029 3644 fallor
2096 3579 2286 3666 fingit
2324 3566 2457 3646 'eas
2526 3602 2639 3666 per

266 3682 532 3751 hiemale
602 3697 861 3770 tempus
881 3733 896 3763 ‚
970 3708 1094 3771 quo
1162 3690 1231 3750 in
1300 3707 1614 3771 aquarum
1683 3684 1879 3750 fundo
1949 3685 2200 3751 abditae
2265 3694 2328 3751 et
2389 3693 2640 3773 torpore

266 3794 615 3875 consopitae
680 3812 760 3856 ex
818 3791 1157 3856 hominum
1222 3796 1561 3875 conspectu
1623 3796 2052 3873 evanuerunt,
2103 3790 2400 3856 Plutonis
2446 3811 2642 3878 reg-na

264 3895 457 3960 visere
524 3897 745 3981 ibique
807 3897 1065 3961 choreas
1128 3917 1275 3960 suas
1322 3896 1570 3961 ducere.
1632 3896 1698 3959 N
1701 3917 1822 3960 unc
1869 3903 1966 3960 ost
2012 3900 2249 3961 mensis
2293 3893 2641 3962 ffameleon

264 3999 391 4064 sivo
452 4001 839 4067 Februarius
858 4050 875 4080 ,
924 4002 1034 4066 sed
1080 4023 1232 4067 mox
1278 4005 1539 4068 ineunte
1586 4023 1805 4067 mense
1853 4002 2094 4067 Martio
2113 4051 2130 4080 ‚
2179 4024 2303 4088 quo
2351 4010 2640 4088 tempore

266 4105 510 4185 Χύτροι,
580 4107 649 4171 id
709 4114 809 4172 est
868 4109 1304 4186 Anthesteria,
1366 4107 1786 4184 celebrantur,
1851 4129 1884 4172 e
1946 4109 2224 4173 tenebris
2286 4109 2365 4173 ad
2425 4108 2638 4174 lucem

263 4207 461 4277 denuo
550 4218 890 4300 assurgent
959 4219 1024 4278 et
1092 4213 1410 4278 coaxando
1480 4234 1665 4278 aures
1734 4213 2086 4278 obtundent
2156 4214 2422 4300 paludes
2493 4235 2637 4279 suas

260 4317 610 4383 visentibus
628 4366 645 4396 ,
706 4321 1085 4405 praesertim
1143 4326 1362 4384 autem
1424 4318 1628 4385 laetae
1694 4319 1915 4384 turbae
1980 4322 2224 4384 civium
2242 4367 2259 4397 ,
2316 4323 2427 4404 qui
2473 4324 2640 4406 post-

262 4439 449 4501 quam
512 4426 653 4496 τοὺς
717 4424 882 4496 Χόας
940 4446 1064 4489 non
1110 4427 1247 4490 sine
1294 4425 1527 4490 crebris
1572 4424 1820 4511 poculis
1863 4424 2260 4490 celebrarunt
2277 4474 2293 4503 ,
2342 4426 2637 4490 hesterno
