3351 5463
1329 399 1701 450 mammes.
1917 467 1930 480 ο
2581 377 2714 447 323

319 569 554 649 quarto
601 567 858 630 tantum
903 563 1149 651 legitur
1192 585 1317 630 vox
1365 583 1526 649 quae
1574 570 1671 630 est
1717 573 1890 629 extra
1934 586 2028 631 vs.
2079 563 2210 630 963
2260 570 2326 631 et
2380 565 2595 646 1001;
2644 569 2714 631 in

319 670 600 736 secundo
648 675 1029 757 argumento
1077 675 1199 749 (vs.
1250 668 1637 751 968-979)
1685 671 1849 756 quod
1917 678 2014 736 est
2078 671 2156 735 de
2216 671 2346 737 telo
2407 675 2572 738 iacto
2634 694 2715 742 ex

318 778 629 842 extremis
676 779 805 841 oris
852 777 1059 840 omnis
1104 777 1315 860 spatii,
1361 796 1476 840 neo
1522 797 1649 841 vox
1689 783 1862 840 extra
1903 797 2018 841 nec
2059 798 2188 842 vox
2227 776 2396 840 into-a
2431 777 2709 863 legitur;

318 883 445 946 hoc
493 885 750 946 tantum
798 881 1275 946 demonstratur
1317 887 1627 966 perpetuo
1674 903 1815 946 oras
1862 887 2182 947 extremas
2217 881 2364 947 illas
2401 903 2534 948 esse
2573 903 2714 968 pro-

318 985 681 1073 pagandas:
734 1006 917 1064 „oras
965 987 1353 1070 ubicumque
1389 985 1617 1052 locaris
1656 992 1976 1052 extremas
1993 1033 2009 1064 ,
2050 1007 2352 1072 quaeram
2388 988 2545 1072 quid
2582 987 2710 1054 telo

320 1093 598 1177 denique
658 1091 791 1156 fiat.
852 1091 963 1157 fiet
1015 1093 1117 1156 uti
1164 1111 1483 1176 nusquam
1527 1095 1732 1177 possit
1779 1095 2118 1157 oonsistere
2165 1092 2351 1158 finis''
2402 1099 2534 1172 (vs.
2575 1093 2708 1159 980

320 1195 600 1277 -982).
646 1196 873 1281 Itaque
914 1196 983 1261 id
1030 1195 1198 1280 quod
1242 1198 1413 1260 intra
1458 1200 1555 1261 est
1599 1201 1910 1282 perpetuo
1958 1195 2032 1260 fit
2073 1203 2287 1273 extra,
2329 1219 2534 1282 neque
2569 1201 2711 1263 iure

318 1301 451 1368 diei
496 1308 706 1386 potest
751 1302 828 1367 de
874 1323 948 1367 eo
996 1300 1165 1386 quod
1210 1306 1391 1366 extra
1437 1307 1533 1366 est
1578 1300 1712 1366 solo
1760 1322 2120 1366 sermonem
2166 1321 2321 1368 esse.

413 1407 651 1472 Munro
711 1427 842 1473 νεε.
907 1405 1307 1472 998-1001
1376 1411 1624 1487 servat,
1691 1427 1843 1471 nam
1906 1413 2076 1472 reete
2135 1413 2356 1478 monet
2400 1408 2556 1473 haec
2603 1408 2710 1488 (ad

316 1531 417 1577 νε.
470 1507 663 1592 701);
730 1514 830 1588 „it
892 1513 949 1576 is
1012 1510 1205 1576 usual
1266 1512 1426 1576 with
1486 1511 1673 1576 Luor.
1742 1511 1904 1576 after
1947 1513 2152 1597 going
2195 1512 2483 1598 through
2529 1533 2707 1577 some

313 1619 671 1702 important
716 1618 1079 1701 exposition
1118 1616 1243 1682 and
1286 1618 1520 1703 giving
1560 1618 1668 1681 the
1709 1637 1885 1681 more
1922 1617 2186 1701 general
2223 1617 2346 1682 and
2383 1619 2706 1683 recondite

314 1741 573 1786 reasons
591 1767 609 1798 ‚
656 1727 723 1786 to
769 1720 963 1786 finish
1010 1721 1099 1808 by
1146 1741 1321 1787 some
1370 1722 1547 1786 short
1594 1726 1938 1806 argument
1983 1722 2325 1807 appealing
2363 1723 2604 1809 simply
2643 1729 2710 1788 to

315 1827 431 1892 the
501 1846 800 1892 common
868 1846 1045 1892 sense
1115 1827 1188 1891 of
1237 1847 1385 1891 men
1404 1873 1421 1903 ,
1488 1847 1559 1892 or
1622 1832 1690 1891 to
1753 1826 1924 1891 what
1986 1827 2144 1912 they
2205 1849 2310 1892 see
2372 1831 2576 1913 going
2623 1849 2706 1894 on

322 1931 532 1997 before
592 1932 762 1996 their
822 1952 973 2018 eyes
990 1951 1006 2008 ;
1057 1952 1159 1996 see
1208 1927 1587 2008 759—762,
1639 1929 2020 2007 915-920,
2075 1930 2547 1997 998-1008”.
2603 1931 2701 1999 Of.

318 2057 481 2122 quae
518 2057 711 2121 supra
750 2036 885 2100 dixi
922 2037 999 2102 de
1040 2057 1165 2102 vss.
1211 2033 1589 2104 577—583.
1634 2037 1938 2101 Attamen
1985 2036 2255 2102 collocat
2290 2036 2438 2102 illos
2478 2058 2702 2102 versus

315 2140 781 2222 (998-1001)
843 2146 991 2226 post
1050 2161 1311 2206 versum
1359 2139 1513 2217 983,
1561 2143 1935 2206 existimans
1981 2142 2360 2225 interpretes
2405 2141 2546 2206 falli
2593 2144 2707 2226 qui

266 2238 276 2246 ’
318 2249 825 2331 interpretentur
872 2267 1037 2308 omne
1072 2247 1229 2329 quod
1268 2252 1354 2308 eet
1369 2293 1387 2322 ,
1426 2267 1589 2308 omne
1626 2247 1790 2329 quod·
1822 2252 1910 2308 est
1943 2245 2210 2326 epatium
2247 2268 2442 2310 rerum
2479 2268 2702 2310 summa

318 2356 654 2435 tamquam
683 2370 861 2414 mera
886 2370 1264 2437 synonyma.
1291 2349 1432 2434 Ipse
1454 2370 1607 2414 vero
1633 2349 1983 2416 arbitratur
2005 2355 2263 2434 poetam
2287 2372 2382 2416 vs.
2409 2349 2541 2418 958
2567 2371 2700 2435 sqq.

319 2456 753 2522 demonstrare
812 2458 1197 2522 universum·
1253 2457 1390 2520 sive
1454 2475 1640 2522 omne
1702 2475 1837 2519 esse
1897 2453 2226 2520 infinitum
2249 2503 2266 2532 ,
2328 2455 2552 2522 deinde
2599 2478 2694 2522 νε.

319 2559 451 2626 984
474 2580 610 2646 sqq.
668 2562 951 2644 spatium
997 2581 1133 2624 esse
1180 2559 1511 2624 infinitum
1529 2606 1545 2636 ,
1595 2565 1740 2624 tum
1787 2580 1939 2624 vero
1989 2580 2084 2626 vs.
2139 2559 2314 2628 1008
2359 2563 2698 2628 materiam

316 2686 451 2736 esse
490 2665 830 2733 infinitam.
875 2663 1111 2733 Contra
1148 2685 1300 2730 eum
1336 2663 1965 2759 Hoersoheimannus
2006 2665 2286 2733 ostendit
2323 2665 2699 2733 Lucretium

316 2793 353 2838 a
415 2793 513 2838 vs.
566 2770 695 2837 951
762 2771 895 2851 (vel
956 2774 1011 2837 si
1072 2774 1283 2837 mavis
1346 2792 1497 2836 oum
1556 2770 1876 2838 Munrone
1940 2791 1977 2836 a
2024 2792 2119 2839 νε.
2173 2770 2330 2852 958)
2377 2794 2578 2857 usque
2623 2772 2702 2841 ad

314 2898 437 2969 νε..
469 2874 643 2945 1007
711 2876 831 2954 „de
892 2898 965 2942 eo
1012 2877 1182 2962 quod
1229 2898 1415 2943 omne
1463 2882 1561 2943 est
1607 2884 1673 2942 et
1717 2878 2016 2961 universo
2063 2880 2268 2963 spatio
2308 2881 2702 2945 coniunctim

316 2982 710 3067 disputare”,
776 2983 1047 3047 conferri
1106 2983 1331 3048 iubens
1381 3004 1547 3047 omne
1592 2984 1752 3067 quod
1795 2989 1882 3046 est
1927 3004 2023 3049 νε.
2075 2982 2228 3062 958,
2276 3006 2498 3054 summa
2545 2982 2699 3063 963,

316 3110 481 3155 omne
529 3085 682 3165 967,
748 3106 941 3152 omne·
957 3090 1117 3172 quod
1160 3095 1246 3151 eet
1290 3088 1551 3169 spadum
1602 3086 1756 3165 969,
1819 3110 1982 3152 omne
2029 3086 2182 3166 975,
2242 3090 2508 3170 spatium
2545 3111 2695 3153 sunm-

316 3193 437 3256 mai
484 3193 667 3257 totius
713 3215 877 3257 omne
918 3191 1083 3270 984,-
1120 3216 1282 3257 omne
1326 3193 1522 3271 1001,
1564 3200 1790 3257 natura
1832 3194 1950 3256 loci
1986 3194 2358 3279 spatiumque
2382 3195 2696 3279 profundi

322 3297 517 3363 1002.
566 3298 651 3363 Et
696 3300 817 3365 hoc
865 3299 1149 3393 quidem·
1173 3320 1407 3365 verum
1452 3305 1585 3376 est,
1636 3298 1747 3363 sed
1791 3298 1938 3363 inde
1985 3305 2246 3383 appa-ret
2290 3320 2418 3387 vss.
2471 3299 2690 3365 998-

319 3404 490 3469 1001
556 3425 682 3471 non
740 3406 1161 3472 removendos
1224 3426 1357 3471 esse
1418 3426 1531 3470 suo
1592 3403 1766 3481 loeo,
1829 3404 1899 3469 id
1944 3404 2113 3488 quod
2161 3404 2396 3470 Munro
2443 3404 2694 3482 voluit;

312 3510 419 3575 hie
463 3496 614 3576 v‘ero
662 3515 833 3576 reete
876 3513 1132 3577 monuit
1175 3510 1323 3576 illos
1368 3530 1591 3575 versus
1638 3511 1970 3593 aptissime
2015 3512 2085 3573 in
2129 3508 2256 3577 fine
2293 3515 2696 3595 argumenta-

312 3617 507 3680 tionis
554 3636 689 3680 esse
736 3618 1003 3701 positos,
1052 3616 1121 3681 id
1165 3616 1336 3700 quod
1374 3614 2004 3681 Hoersohelmannus
2042 3618 2326 3701 negavit.
2377 3616 2692 3681 Omnibus

312 3726 531 3785 autem
574 3721 983 3789 consideratis
1031 3722 1151 3787 hoc
1195 3724 1331 3787 iam
1376 3726 1637 3807 apparet
1681 3721 1750 3787 id
1795 3721 1966 3805 quod
2010 3721 2255 3787 codices
2296 3721 2693 3787 tradiderunt

312 3848 439 3891 non
486 3847 620 3892 esse
665 3827 1053 3893 mutandum
1072 3876 1088 3904 ‚
1138 3847 1262 3893 vss.
1309 3826 1460 3893 illos
1506 3847 1630 3892 non
1681 3847 1828 3891 esse·
1864 3826 2298 3895 secludendos.

380 4146 445 4212 H
496 4145 623 4212 184
669 4147 854 4213 Nunc
900 4147 1080 4213 loeus
1127 4154 1255 4226 est,
1305 4155 1382 4212 ut
1430 4151 1671 4235 opinor,
1719 4152 1790 4213 in
1828 4151 1928 4214 his
1965 4148 2133 4216 illud
2171 4170 2420 4234 quoque
2456 4150 2647 4216 rebus

672 4252 1041 4319 confirmare
1089 4254 1246 4331 tibi,
1294 4253 1547 4319 nullam
1592 4276 1732 4319 rem
1780 4275 1962 4338 posse
2011 4274 2126 4319 sua
2171 4257 2241 4321 vi

674 4379 1040 4444 corpoream
1086 4380 1345 4424 sursum
1392 4359 1546 4425 ferri
1592 4380 1975 4444 sursumque
2021 4381 2253 4426 meare.

672 4485 752 4530 ne
798 4465 919 4530 tibi
964 4464 1113 4531 dent
1159 4466 1229 4530 in
1274 4486 1348 4531 eo
1397 4464 1804 4532 flammarum
1852 4487 2110 4553 corpora
2154 4467 2476 4535 fraudem:
