3351 5463
648 334 736 401 38
1639 351 2031 400 mortuus.

647 523 920 606 iungam
981 540 1129 583 cum
1188 519 1400 583 verbis
1461 517 1786 598 Φθείροντα
1852 519 2135 580 πλοῦτον.
2203 515 2537 581 Praeterea
2595 535 2719 580 vss.
2770 511 2902 594 946
2928 533 3032 598 sq.

647 624 1136 710 transponebam
1181 628 1328 708 post
1373 621 1505 687 948
1529 644 1622 708 sq.

738 808 968 892 Agam.
1012 804 1142 870 965
1191 804 1612 886 χρηστηρίοις,
1657 841 1744 852 -
1785 801 2249 882 μηχανωμένηῖ
2297 803 2542 867 Mnem.
2582 799 2821 877 XXIH,
2864 797 3031 864 146.

645 912 892 977 Ibidem
940 914 1186 977 tentavi
1232 910 1447 976 locum
1500 909 1967 974 1005-1013.

733 1097 967 1181 Agam.
1033 1093 1230 1159 1052.
1299 1093 1496 1158 Valde
1565 1093 1729 1157 mihi
1800 1091 2206 1158 abblanditur
2264 1091 2598 1178 Blaydesii
2664 1091 3037 1156 coniectura

644 1202 784 1266 εἵσω
838 1202 1067 1280 φρενῶν
1129 1199 1219 1264 ἂν
1282 1197 1477 1265 οὖσα
1540 1197 1883 1263 πείθοιτ’
1952 1198 2044 1263 ἂν
2092 1198 2305 1278 λόγῳ
2356 1219 2466 1283 pro
2515 1222 2563 1261 ε.
2615 1203 2689 1275 Φ.
2740 1196 3029 1273 λέγουσα

645 1307 828 1370 πείθω
877 1330 961 1369 νιν
1008 1305 1197 1382 λόγῳ.
1249 1304 1398 1369 Tria
1445 1303 1680 1368 ultima
1716 1303 2027 1368 vocabula
2066 1303 2287 1367 eodem
2326 1301 2516 1367 modo
2556 1302 2798 1366 correxi
2836 1299 2911 1364 Ε.
2938 1300 3030 1364 A.

643 1433 706 1497 p.
761 1409 910 1488 138,
961 1411 1070 1474 sed
1117 1431 1233 1493 pro
1279 1409 1557 1487 λέγουσα
1604 1412 1823 1473 minus
1869 1414 2037 1473 recte
2084 1409 2436 1474 scribebam
2483 1405 2797 1483 λαβοῦσα.

732 1592 967 1678 Agam.
1022 1588 1192 1656 1137
1262 1594 1345 1669 τῷ
1394 1592 1521 1669 γὰρ
1569 1591 1715 1666 ἐμὸν
1764 1590 1943 1670 θρόῳ
1990 1588 2184 1662 πάθος
2233 1589 2635 1668 ἕπεγχέω.

643 1697 742 1762 Ita
801 1696 1252 1782 corrigendum
1315 1697 1682 1781 suspicabar
1727 1694 1802 1759 Ε.
1829 1696 1909 1759 Α.
1958 1718 2021 1781 p.
2077 1694 2205 1759 139
2252 1698 2589 1781 ignorans,
2639 1692 2806 1779 quod
2851 1715 3031 1758 nunc

643 1802 830 1867 video
876 1823 955 1866 ex
1003 1801 1329 1888 Blaydesii
1378 1823 1596 1887 opere,
1645 1804 1778 1866 iam
1823 1802 2216 1866 Ahrensium
2260 1801 2433 1866 idem
2480 1801 2903 1886 proposuisse.

732 2002 962 2086 Agam.
1012 1999 1182 2065 1219
1209 2022 1302 2085 sq.
1341 2000 1618 2086 Blaydes
1660 1999 1985 2082 ,,ὦσπερε)]
2024 1999 2143 2078 Qu.
2188 2000 2253 2062 ἐκ
2284 1997 2528 2077 χερός”.
2572 1996 3025 2065 Coniecturam

645 2127 773 2172 non
837 2105 1167 2192 intellego.
1214 2106 1289 2169 Ε.
1319 2108 1395 2169 A.
1441 2104 1512 2169 ll.
1563 2106 2081 2170 commendabam
2129 2105 2399 2170 Martini
2444 2107 2896 2170 correctionem
2944 2104 3027 2174 ὥς

647 2219 885 2292 πορεῖς,
935 2212 1204 2276 suadens
1250 2214 1317 2274 in
1365 2233 1458 2277 vs.
1509 2233 1599 2296 sq.

1095 2324 1316 2396 χεῖρας
1369 2318 1702 2397 (πατρὸς)
1754 2317 2090 2390 πλήθοντες
2138 2316 2367 2387 οἰκείας
2413 2316 2607 2395 βορᾶς

651 2422 856 2488 deleto
905 2430 1081 2502 κρεῶν
1130 2421 1298 2507 quod
1342 2422 1659 2510 glossator
1706 2423 2041 2508 adscripsit
2085 2422 2165 2487 ad
2210 2423 2424 2500 βορᾶς.

733 2622 964 2707 Agam.
1015 2619 1190 2686 1230
1241 2618 1600 2702 „ruffin-ac]
1642 2619 1895 2698 τέξεται
1936 2619 2367 2685 Herwerden’'
2408 2618 2506 2684 Bl.
2553 2618 2734 2697 Quod
2774 2617 3023 2682 dudum

641 2729 778 2812 ipse
823 2727 1178 2812 repudiavi.
1229 2724 1474 2791 Locum
1519 2725 1595 2790 Ε.
1618 2726 1699 2791 A.
1747 2749 1810 2812 p.
1865 2724 1992 2791 140
2038 2729 2129 2790 sic
2176 2726 2671 2791 constituebam:

1097 2838 1236 2895 νεῶν
1286 2831 1336 2895 δ’
1389 2831 1664 2913 ἔπαρχος
1713 2831 1898 2895 Ἰλίου
1947 2834 2002 2895 τ’
2052 2830 2416 2904 ἀναστάτης
2505 2830 2511 2837 ’

1100 2939 1203 3002 οὐκ
1254 2934 1429 3015 οἶδεν,
1481 2934 1575 3002 οἵα
1622 2944 1889 3016 γλῶσσα
1936 2944 2204 3015 μισητῆς
2251 2936 2458 3009 κυνός·

1094 3040 1363 3116 λείξασα
1415 3043 1820 3108 κακτείνουσα
1870 3042 2124 3125 Φαιδρὸν
2173 3038 2309 3121 οὖς,
2355 3044 2522 3118 δίκην

1097 3147 1257 3220 ἄτης
1306 3149 1593 3225 λαθραίου
1642 3147 1894 3224 δήξεται
1944 3160 2107 3229 κακῇ
2156 3148 2347 3228 τέχνη

645 3276 722 3318 ex
774 3241 1059 3318 'aliorum
1120 3256 1532 3331 coniecturis,
1598 3257 1723 3319 nisi
1787 3254 1956 3340 quod
2000 3255 2263 3319 distinxi
2308 3259 2453 3339 post
2499 3252 2671 3325 κυνός
2719 3258 2784 3319 et
2828 3250 3020 3330 τέχνη

644 3359 788 3423 dedi
834 3381 949 3445 pro
996 3359 1202 3441 τύχη,
1249 3362 1319 3424 in
1368 3359 1537 3444 quod
1581 3362 1785 3425 etiam
1828 3360 1891 3426 Ν
1892 3362 2040 3426 aber
2082 3360 2327 3425 incidit.

619 3640 629 3649 ι
733 3558 964 3642 Agam.
1016 3555 1209 3622 1255.
1262 3554 1358 3622 Of.
1410 3554 1654 3653 Mnem.
1704 3502 1947 3634 XXIII,
2002 3553 2150 3623 147.

735 3739 966 3823 Agam.
1014 3736 1187 3801 1358
1230 3737 1504 3823 Blaydes
1546 3736 1709 3817 »Ωιι
1750 3743 1857 3803 τοῦ
1899 3739 2148 3818 δρῶντός
2188 3739 2321 3802 ἐστι
2369 3741 2523 3818 γὰρ
2571 3739 2639 3803 τὸ
2678 3739 3017 3816 βουλεῦσαι

501 3893 522 3910 .
644 3842 964 3922 παρος”.
1012 3842 1162 3907 Mea
1210 3848 1306 3907 est
1351 3843 1573 3908 eadem
1621 3846 1982 3909 coniectura
2025 3844 2100 3908 Ε.
2128 3846 2205 3909 A.
2252 3866 2315 3930 p.
2371 3844 2519 3909 141.

733 4028 966 4113 Agam.
996 4023 1187 4092 -1374
1230 4032 1359 4097 πῶς
1395 4025 1518 4104 γάρ
1559 4050 1653 4098 τις
1682 4045 1800 4103 -;
1845 4026 2117 4113 Blaydes
2161 4025 2323 4106 „Qu.
2365 4034 2496 4099 πῶς
2530 4024 2584 4091 δ’
2612 4024 2687 4091 ἄν
2725 4050 2822 4098 τις
2848 4026 3013 4105 —-;’'

640 4131 975 4217 Hodieque
1035 4131 1227 4217 longe
1287 4132 1572 4217 praefero
1636 4131 1807 4217 quod
1867 4134 2106 4197 conieci
2164 4131 2256 4196 l.l.
2321 4135 2401 4197 οὐ
2452 4133 2590 4211 ’γάρ
2636 4156 2730 4204 τις
2770 4152 2889 4218 ·.····3
2940 4138 3017 4197 ut

645 4244 772 4308 πῶς
819 4240 904 4302 sit
945 4237 1335 4323 glossatoris.

728 4420 960 4505 Agam.
1014 4415 1185 4485 1467
1235 4416 1587 4493 ἀξύστατον
1625 4447 1707 4475 =
1747 4416 2025 4501 ἄμαχον.
2074 4417 2214 4485 Vid.
2265 4419 2510 4485 Mnem.
2561 4419 2801 4499 XXIII,
2859 4419 3010 4489 147.
