3351 5463
1367 1067 2410 1159 ADNOTATIUNCULAE

1090 1234 1237 1324 AD
1294 1234 2032 1323 XENOPHONTIS
2091 1234 2678 1326 ANABASIM.

1765 1466 2012 1508 SORIPSI'I'

1556 1651 1634 1715 A.
1699 1648 2215 1717 POUTSMA.

1707 1952 2090 1988 —ssm—

799 2209 855 2273 1.
886 2209 948 2273 2.
980 2210 1083 2274 10.
1150 2211 1417 2272 ἐντεῦθεν
1481 2207 1790 2285 ἐξελαύνει
1848 2208 2162 2282 σταθμοὺς
2209 2207 2311 2272 δύο
2361 2208 2801 2287 παρασάγγας
2847 2208 3083 2273 δώδεκα

702 2316 790 2386 εἲς
840 2315 1132 2391 Κεράμων
1174 2314 1427 2392 άγοράν,
1471 2313 1648 2377 πόλιν
1690 2314 2058 2391 οἰκουμένην,
2101 2311 2380 2391 ἐσχάτην
2422 2314 2568 2391 πρὸς
2608 2323 2684 2393 τῇ
2736 2314 3087 2381 Πισιδῶν

700 2420 893 2500 χώρᾳ.
966 2418 1070 2484 Sic
1130 2440 1243 2504 pro
1306 2418 1600 2483 codicum
1660 2416 1934 2482 lectione
1996 2417 2141 2495 πρὸς
2206 2428 2279 2497 τῇ
2329 2421 2607 2500 Μυσίᾳ
2657 2422 2830 2501 χώρᾳ
2880 2420 3086 2486 edidit

700 2522 1012 2601 Cobetus,
1078 2526 1189 2607 qui
1249 2526 1316 2586 in
1378 2523 1780 2587 Praefatione
1846 2522 2236 2599 „absurdum
2283 2522 2444 2600 est'',
2491 2526 2734 2608 inquit,
2789 2522 3086 2611 „Cyrum

700 2633 811 2715 qui
858 2630 1106 2694 Pisidas
1141 2651 1207 2694 se
1245 2635 1458 2714 petere
1499 2628 1810 2693 simulans
1849 2627 2272 2693 Maeandrum
2313 2631 2633 2693 traiecerit
2673 2635 2734 2694 et
2777 2628 3086 2695 Celaenas

698 2755 901 2819 usque
940 2754 1311 2820 progressus
1351 2736 1545 2799 fuerit
1584 2736 1956 2818 necopinato
2001 2735 2070 2797 in
2115 2731 2439 2819 Mysiae
2485 2734 2718 2800 finibus
2757 2756 3084 2820 apparere.

699 2839 841 2903 Non
904 2837 1132 2902 ductus
1193 2839 1528 2903 literarum
1590 2839 1700 2902 sed
1760 2836 2046 2902 locorum
2103 2841 2266 2902 situs
2312 2845 2379 2903 et
2424 2840 2672 2904 itineris
2719 2842 2883 2904 ratio
2930 2860 3087 2927 sug-

699 2949 1035 3029 gesserunt
1077 2943 1144 3007 id
1193 2942 1361 3027 quod
1406 2942 1728 3027 reposui.''
1779 2944 1989 3026 Atque
2037 2949 2134 3006 est
2179 2963 2328 3007 sane
2379 2943 2547 3026 quod
2595 2945 2738 3031 quis
2785 2947 3083 3023 miretur,

700 3045 948 3133 Cyrum
1009 3051 1266 3134 repente
1329 3068 1365 3110 a
1418 3046 1659 3110 Pisidia
1705 3049 1830 3111 iter
1876 3050 2182 3112 avertisse
2214 3046 2294 3128 1);
2346 3052 2562 3111 tamen
2609 3050 2744 3131 ipse
2789 3046 3085 3112 locorum

697 3155 861 3216 situs
909 3173 1197 3237 pugnare
1244 3152 1408 3215 mihi
1446 3151 1704 3216 videtur
1738 3172 1852 3236 pro
1893 3151 2216 3216 codicibus
2257 3157 2476 3216 contra
2515 3149 2848 3217 Cobetum.
2897 3152 3086 3218 Licet

698 3259 870 3323 enim
920 3259 1284 3321 etiamnunc
1332 3255 1407 3321 de
1456 3256 1710 3320 sedibus
1757 3255 2018 3319 urbium
2066 3275 2221 3340 quas
2270 3256 2625 3340 Xenophon
2674 3258 2764 3340 ἓξ
2810 3255 3080 3322 11-19

697 3365 987 3427 nominat
1046 3362 1176 3426 fere
1238 3364 1530 3425 omnium
1576 3362 1965 3446 ambigatur,
2013 3361 2130 3425 hoc
2178 3360 2437 3444 quidem
2484 3363 2742 3425 omnino
2791 3367 3081 3439 constat,

698 3463 946 3552 Cyrum
1015 3487 1142 3530 non
1212 3468 1514 3529 transisse
1573 3468 1641 3529 in
1704 3464 2016 3529 Pisidiam
2078 3465 2390 3548 urbesque
2452 3463 2600 3529 illas
2662 3465 2858 3530 fuisse
2924 3468 3086 3530 sitas

699 3577 878 3634 extra
923 3570 1233 3634 Pisidiam
1282 3575 1558 3633 cunctas.
1620 3569 1845 3654 Itaque
1894 3572 2004 3653 qui
2052 3568 2209 3633 dicit
2259 3569 2552 3644 Κεράμων
2599 3571 2834 3648 ἀγορὰν
2883 3570 3085 3635 fuisse

698 3681 1012 3737 emm-emam
1075 3677 1219 3749 πρὸς
1283 3684 1358 3752 τῇ
1432 3674 1778 3738 Πισιδῶν
1854 3674 2030 3755 χώρα
2094 3673 2354 3750 urbem,
2421 3675 2479 3737 is
2542 3672 2715 3737 idem
2779 3675 3085 3739 concedat

699 3799 948 3842 necesse
996 3784 1129 3854 est,
1180 3775 1462 3864 Cyrum,
1513 3799 1662 3842 cum
1707 3783 1872 3842 esset
1910 3781 1979 3843 in
2016 3778 2170 3841 urbe
2207 3800 2382 3861 quam
2407 3778 2685 3859 proxime
2722 3798 2758 3842 a
2796 3779 3082 3844 Pisidiae

697 3883 927 3948 finibus
1002 3886 1160 3959 sita,
1235 3875 1508 3968 quatuor
1586 3885 1776 3949 urbes
1847 3884 2195 3949 necessario
2259 3883 2495 3963 lonyius
2559 3884 2635 3949 ab
2699 3886 2779 3948 iis
2844 3884 3082 3949 finibus

693 3995 971 4053 remotas
1039 3989 1262 4052 adisse.
1352 3988 1478 4053 Sed
1548 3989 1667 4053 hoc
1740 3992 1796 4052 si
1862 4010 2113 4054 necesse
2187 3994 2317 4064 est,
2383 3990 2484 4052 uti
2547 3994 2644 4052 est
2667 4037 2683 4066 ,
2749 3989 2901 4073 quid
2961 3989 3083 4054 ina

694 4092 919 4159 Cobeti
979 4096 1335 4158 mutatione
1398 4093 1728 4158 lucramur
1787 4093 1866 4158 ad
1914 4091 2279 4158 mirabilem
2324 4095 2576 4158 itineris
2623 4096 2937 4158 rationem
2987 4096 3084 4158 in-

694 4195 1169 4283 tellegendam?

762 4469 815 4534 1)
852 4469 1107 4518 Rationem
1140 4467 1331 4517 itineris
1362 4466 1520 4518 subito
1558 4467 1734 4517 mutati
1770 4467 1967 4516 reddere
2001 4471 2199 4517 conatus
2232 4470 2305 4518 est
2337 4466 2675 4518 Vollbrcohtus
2708 4465 2760 4516 in
2786 4467 3080 4533 Appendice-
