3351 5463
1154 386 1241 433 1111
1285 386 1445 434 Loco
1492 386 1836 435 6166661116.
2171 379 2178 385 ·
2555 368 2679 437 117

310 554 473 627 116111ὓ
506 549 674 636 16316
721 548 1031 615 Serviliae
1050 598 1067 628 ,
1117 552 1225 616 sed
1273 555 1491 637 ipsum
1539 554 1810 617 verbum
1853 552 2019 639 legis
2081 575 2477 639 nuncupasse
2498 603 2514 632 ,
2556 555 2686 640 plass

306 678 463 721 num
522 677 656 721 6666
716 657 883 720 mihi
942 658 1201 722 videtur
1217 679 1233 736 ;
1300 666 1625 744 praeterea
1690 659 1844 744 quid
1905 661 2216 726 attinebat
2263 682 2647 726 memorasse
2665 709 2683 740 ,

306 764 685 827 vetustiores
722 760 897 848 leges
936 783 1061 826 non
1100 764 1503 848 prohibuisse
1543 767 1885 848 quominus
1925 768 2066 849 quis
2108 788 2145 830 a
2183 788 2248 831 66
2289 764 2686 832 solveretur?

300 867 371 932 Si
435 865 581 953 lege
643 864 917 931 Servilia
979 868 1296 934 eiusmodi
1359 868 1604 954 aliquid
1671 872 1878 934 vetari
1949 869 2307 956 significare
2377 870 2686 936 voluisset

306 970 524 1037 Cicero
542 1019 559 1047 ,
624 991 751 1036 non
798 970 1062 1037 dixisset
1118 994 1261 1038 eam
1316 976 1385 1037 in
1442 994 1515 1039 ea
1562 994 1629 1038 re
1677 973 2030 1060 discrepare
2079 976 2156 1040 ab
2205 975 2348 1040 aliis
2392 975 2646 1063 legibus
2665 1024 2681 1053 ,

304 1075 414 1140 sed
464 1096 537 1141 ea
586 1076 881 1163 derogari
929 1078 1005 1142 de
1061 1077 1207 1165 1636
1254 1076 1549 1145 Cornelia
1595 1081 1746 1143 anni
1786 1076 1870 1144 67
1919 1101 2078 1164 quae
2127 1086 2262 1144 erat
2309 1080 2385 1145 de
2429 1079 2684 1167 legibus

300 1180 620 1247 solvendis
667 1203 777 1266 per
822 1188 1117 1247 senatum
1165 1190 1229 1249 et
1277 1205 1388 1268 per
1428 1182 1762 1268 populum.

392 1286 849 1352 Demonstratu
910 1288 1163 1353 difficile
1224 1310 1353 1353 non
1418 1294 1548 1365 est,
1616 1308 1837 1352 revera
1885 1290 2082 1352 etiam
2121 1292 2267 1352 ante
2313 1309 2369 1354 a.
2421 1288 2504 1352 63
2555 1309 2683 1352 non

297 1391 551 1457 licuisse
597 1392 1011 1470 „absentem”
1056 1396 1255 1458 creari
1272 1443 1289 1472 ‚
1330 1414 1482 1457 nam
1512 1394 1869 1458 certissima
1894 1398 2275 1479 argumenta
2297 1395 2365 1456 16
2378 1398 2684 1478 promptu

302 1502 481 1575 sunt,
534 1518 697 1581 quae
744 1501 963 1582 paucis
1011 1498 1353 1583 proferam'.

396 1601 479 1665 1⁰-
533 1602 679 1687 Ipsa
735 1602 841 1667 lex
902 1602 1177 1669 Servilia
1240 1606 1491 1690 agraria
1556 1624 1750 1688 quam
1814 1603 2116 1667 dissuasit
2176 1601 2396 1670 Oicero
2461 1624 2516 1666 a.
2559 1600 2644 1665 63
2665 1650 2681 1679 ,

299 1712 760 1793 argumentum
827 1710 1087 1794 praebet
1148 1729 1272 1793 quo
1336 1709 1838 1786 demonstretur,
1902 1730 1974 1773 66
2037 1729 2200 1773 anno
2257 1730 2384 1773 non
2428 1706 2685 1771 licuisse

296 1815 614 1876 rationem
651 1813 871 1878 haberi
909 1814 1271 1878 absentium
1307 1817 1605 1879 comitiis.
1646 1813 1878 1878 Rullus
1918 1816 2092 1877 enim
2129 1834 2244 1877 sua
2275 1812 2419 1898 1636
2452 1812 2683 1876 diserte

302 1922 669 2002 exceperat,
732 1924 809 1981 ut
854 1921 946 1982 eis
986 1921 1097 2003 qui
1160 1939 1232 1983 ea
1293 1917 1438 2004 1636
1504 1920 1853 1984 decemviri
1899 1918 2054 1982 facti
2099 1922 2340 1994 essent,
2388 1919 2684 2004 magis-

304 2026 585 2086 tratus
647 2029 935 2108 petere
1002 2022 1411 2105 liceret¹).
1482 2024 1625 2088 Hoc
1687 2044 1814 2087 non
1877 2027 2086 2107 potest
2141 2042 2216 2085 eo
2279 2022 2532 2098 referri,
2583 2020 2684 2085 de-

303 2128 600 2191 cemviris
660 2110 780 2191 hac
840 2125 987 2212 1636
1049 2130 1434 2211 permissum
1493 2150 1627 2193 6666
1674 2134 1749 2192 ut
1795 2126 1952 2192 alios
1998 2128 2416 2211 magistratus
2462 2126 2683 2189 eodem

303 2236 590 2316 tempore
645 2238 973 2318 gererent3
1040 2251 1393 2317 numquam
1458 2236 1629 2298 enim
1674 2232 1851 2320 leges
1895 2232 2362 2317 prohibuerunt
2405 2252 2484 2295 ne
2523 2234 2684 2295 eius-

301 2336 476 2401 modi
540 2340 899 2402 curationes
959 2359 1087 2403 una
1148 2359 1297 2403 cum
1355 2339 1690 2403 ordinariis
1737 2338 2226 2423 magistratibus
2271 2342 2647 2423 gererentur
2663 2383 2680 2413 ,

302 2448 366 2505 et
406 2442 474 2505 id
539 2444 758 2527 ipsum
818 2442 1033 2528 legem
1092 2442 1435 2509 Serviliam
1499 2443 1680 2507 tacite
1725 2444 2092 2527 permisisse
2139 2441 2412 2505 affirmat
2461 2439 2680 2508 Cicero

305 2545 426 2610 alio
488 2545 628 2611 loco
654 2546 726 2629 ⁵⁸).
791 2547 1014 2632 Itaque
1058 2548 1238 2630 nulla
1284 2550 1565 2614 condicio
1612 2552 1935 2633 superest,
1987 2567 2112 2630 qua
2156 2546 2546 2612 decemviros
2589 2548 2683 2611 ita

300 2650 598 2715 liberatos
645 2652 842 2717 fuisse
882 2653 1242 2741 significare
1288 2656 1570 2740 potuerit
1617 2653 1835 2719 Cicero
1883 2658 1959 2715 ut
2005 2654 2424 2738 magistratus
2469 2657 2682 2736 petere

303 2759 390 2821 eis
432 2756 655 2822 liceret
674 2806 690 2835 ,
739 2766 989 2843 praeter
1034 2760 1216 2825 illam
1267 2781 1426 2845 quae
1474 2764 1609 2823 erat
1653 2758 1730 2823 de
1775 2761 2021 2822 ratione
2069 2778 2194 2821 non
2248 2756 2534 2822 habenda
2581 2758 2684 2821 ab·

302 2865 577 2926 sentium
639 2867 951 2942 comitiis3
1022 2885 1175 2929 nam
1238 2864 1513 2949 reliquas
1560 2863 1958 2928 condiciones
2001 2862 2330 2948 legitimas
2376 2884 2537 2947 quae
2583 2884 2684 2927 ex-

303 2967 566 3052 plendae
613 2975 820 3033 essent
865 2970 1252 3048 candidatis,
1294 2992 1329 3035 a
1363 2971 1505 3057 lege
1546 2969 1825 3034 Servilia
1859 2990 1986 3033 non
2025 2972 2304 3054 potuisse
2345 2967 2683 3033 condonari

293 3073 675 3156 ‚decemviris
722 3078 1141 3160 magistratus
1190 3076 1552 3161 petentibus
1571 3124 1587 3153 ,
1633 3075 2049 3139 manifestum
2097 3080 2212 3138 est.

390 3177 460 3242 2⁰
507 3179 836 3264 Appianus
884 3180 1073 3258 dicit,
1128 3179 1461 3246 Gaesarem
1500 3201 1649 3244 cum
1696 3200 1751 3244 a.
1794 3178 1881 3243 60
1923 3201 2000 3242 ex
2036 3178 2350 3263 Hispania
2389 3198 2680 3242 reversus

304 3281 380 3346 ad
435 3283 664 3347 urbem
724 3287 1043 3371 triumphi
1108 3307 1295 3350 causa
1356 3307 1612 3351 manere
1677 3305 1882 3369 neque
1929 3305 2002 3349 eo
2056 3287 2273 3348 minus
2319 3282 2538 3347 consul
2583 3304 2679 3347 co-

306 3391 505 3453 mitiis
568 3391 707 3454 eius
763 3394 913 3454 anni
960 3393 1160 3455 creari
1206 3389 1431 3468 vellet,
1482 3396 1545 3454 et
1592 3390 1672 3454 ob
1717 3410 1858 3454 eam
1905 3410 2042 3453 rem
2087 3394 2165 3453 ut
2211 3387 2462 3474 legibus
2510 3409 2547 3452 a
2592 3409 2681 3452 se-

304 3501 453 3558 natu
512 3493 871 3560 solveretur
927 3517 1187 3581 operam
1249 3496 1459 3574 daret,
1525 3497 1789 3560 scivisse
1838 3495 2098 3580 quidem
2144 3493 2358 3578 legem
2408 3494 2530 3557 sibi
2577 3494 2681 3557 ob-

306 3605 464 3663 stare
484 3646 501 3676 ,
573 3599 682 3664 sed
752 3600 1047 3687 exempla
1115 3601 1411 3666 habuisse
1475 3622 1599 3686 quo
1668 3602 1999 3685 provocari
2055 3603 2272 3684 posset
2339 3619 2488 3662 cum
2547 3600 2678 3661 iam

370 3811 421 3872 1)
468 3810 567 3858 Cic.
619 3810 676 3858 de
722 3810 813 3873 leg.
862 3825 960 3872 agr.
1011 3811 1059 3858 2.
1112 3810 1190 3858 13.
1240 3811 1330 3858 34:
1375 3809 1711 3872 „magistratus
1745 3809 1813 3857 616
1845 3811 2008 3873 petere
2042 3806 2203 3856 licebit
2225 3845 2235 3856 .
2257 3845 2267 3857 .
2291 3842 2332 3866 .,
2367 3809 2546 3857 Romae
2581 3823 2679 3856 6666

304 3907 407 3940 cum
440 3893 741 3941 commodum
776 3889 899 3947 sit'’;
938 3889 1035 3938 ibid
1070 3892 1117 3939 2.
1154 3892 1236 3938 36.
1272 3892 1337 3939 98
1371 3905 1465 3954 sq.:
1510 3890 1653 3939 „haec
1686 3893 1742 3938 tu
1777 3905 1884 3937 cum
1920 3889 2026 3937 istis
2059 3890 2157 3938 tuis
2192 3888 2463 3938 auctoribus
2497 3889 2681 3952 excogi-

305 3975 443 4021 tasti.
470 4011 511 4022 ..
549 3977 605 4022 ut
638 3973 821 4020 interea
856 3972 1165 4034 magistratus
1200 3971 1413 4034 reliquos
1448 3970 1631 4034 legibus
1666 3969 1885 4018 omnibus
1913 3969 2060 4018 soluti
2087 3971 2189 4018 6166
2217 3974 2346 4019 metu
2373 3970 2681 4030 iudiciorum,

308 4053 401 4102 6166
430 4052 646 4118 periculo
680 4059 841 4116 petere
875 4050 1129 4116 possetis.'’
1528 4043 1535 4050 ’

366 4135 415 4193 2)
452 4134 555 4184 Cic.
600 4133 690 4196 leg.
720 4143 837 4196 agr.
886 4133 933 4180 2.
968 4133 1016 4181 9.
1049 4133 1141 4180 242
1195 4132 1462 4196 ‚excipitur
1508 4131 1597 4179 hac
1638 4131 1741 4194 lege
1776 4146 1870 4180 non
1907 4131 2244 4190 adolescentia,
2281 4147 2376 4180 666
2409 4132 2681 4196 legitimum

304 4214 487 4278 aliquod
531 4213 958 4278 impedimentum,
1004 4229 1099 4261 non
1138 4209 1504 4277 potestas,'non
1540 4212 1846 4275 magistratus
1882 4212 2006 4261 ullus
2041 4212 2150 4260 aliis
2181 4212 2382 4274 negotiis
2411 4229 2464 4260 ac
2498 4211 2680 4276 legibus

304 4294 599 4360 impeditus”.
634 4296 731 4344 ctr.
770 4296 1039 4344 Mommsen
1074 4296 1371 4344 Staatsrccht
1401 4296 1427 4343 1
1464 4311 1569 4360 pag.
1604 4297 1700 4343 515
1730 4295 1835 4342 adn.
1869 4295 1918 4352 4,
1945 4295 2029 4357 qui
2057 4294 2298 4358 praeclare
2328 4295 2680 4345 animadvertit,

301 4378 519 4427 vocabula
556 4393 639 4427 ,66
673 4375 887 4440 legibus’'
924 4377 1173 4424 referenda
1206 4392 1305 4425 6666
1338 4371 1397 4425 ad
1432 4393 1509 4426 eas
1543 4378 1669 4439 16366
1706 4373 1878 4438 quibus
1909 4376 2220 4439 magistratus
2257 4375 2502 4434 nonnulli,
2532 4375 2664 4423 velut

300 4463 533 4522 praetores
570 4457 767 4517 urbani,
802 4457 1180 4522 prohibebantur
1212 4473 1387 4522 paucos
1421 4459 1520 4507 dies
1553 4456 1760 4523 amplius
1795 4460 1930 4505 extra
1965 4455 2132 4528 urbem
2165 4472 2276 4506 6666.
