3351 5463
1267 322 1634 372 nuens-rius.
2556 310 2641 375 63

260 497 472 556 torum
499 488 572 572 1).
647 490 832 570 Quod
895 512 1045 556 cum
1106 493 1385 576 speciem
1444 493 1583 554 veri
1647 490 1879 554 habeat
1936 495 2000 554 et
2046 491 2231 556 facile
2278 493 2353 557 ab
2401 495 2642 579 ignaris

262 597 660 676 concedatur,
732 618 954 683 operae
1023 599 1307 682 pretium
1378 595 1636 660 videtur
1700 599 2055 661 accuratius
2128 597 2205 662 de
2266 619 2390 663 usu
2449 599 2645 665 huius

262 703 574 769 formulae
620 703 1036 768 Lucretianae
1084 684 1428 787 disputare.

345 809 768 874 Locutionem
813 810 972 893 qnod
1013 829 1194 890 snper
1239 813 1328 869 eet
1375 806 1546 890 apud
1593 804 1973 873 Lucretium
2020 810 2385 874 invenimus
2425 813 2644 875 novies

261 918 326 979 in
377 919 646 1006 ineunte
694 935 858 980 nova
903 914 1196 999 periodo:
1247 933 1656 999 nusquam
1703 915 1781 975 in
1830 912 2051 978 libro
2099 918 2365 1000 primo
2414 923 2494 980 et
2541 939 2645 982 se-

266 1020 557 1098 cundo,
628 1020 825 1085 semel
883 1022 950 1084 in
1013 1018 1175 1084 libro
1239 1021 1430 1083 tertio
1477 1017 1564 1098 (3.
1595 1015 1776 1097 350),
1842 1019 2041 1084 semel
2085 1022 2153 1083 in
2201 1020 2364 1086 libro
2414 1013 2641 1106 quarto

266 1125 348 1205 (4.
377 1124 559 1206 595),
603 1131 826 1210 quater
863 1127 933 1188 in
975 1123 1142 1188 h’bro
1193 1126 1414 1208 quinto
1464 1121 1554 1203 (5.
1583 1122 1691 1199 91,
1744 1122 1897 1200 261,
1952 1120 2101 1202 772,
2161 1125 2379 1205 1241),
2428 1133 2526 1190 ter
2571 1130 2643 1190 in

261 1231 420 1296 libro
471 1239 654 1296 sexto
699 1230 788 1310 (6.
817 1229 970 1308 219,
1023 1228 1176 1307 423,
1231 1229 1407 1308 906).
1471 1229 1670 1294 Locos
1711 1231 2064 1295 exscribere
2106 1232 2519 1315 supersedeo;
2567 1237 2643 1296 ut

266 1359 412 1402 vero
453 1343 756 1423 appareat
791 1339 1060 1400 minime
1099 1357 1328 1401 verum
1365 1356 1501 1400 esse
1541 1334 1713 1419 quod
1739 1335 2042 1399 Bockem.
2070 1340 2360 1421 scripsit,
2388 1339 2646 1403 afferam

265 1466 465 1508 unum
510 1444 730 1509 locum
779 1442 838 1507 5.
868 1442 988 1507 91:
1053 1443 1276 1507 laudat
1322 1448 1512 1526 poeta
1559 1441 1917 1527 Epicurum
1964 1463 2060 1507 vs.
2116 1441 2357 1523 1-54,
2419 1444 2647 1510 deinde

263 1550 414 1633 quid
475 1550 910 1641 superioribus
968 1547 1150 1613 libris
1201 1549 1566 1632 exposuerit⁴
1607 1549 1678 1609 in
1723 1549 2107 1612 memoriam
2152 1555 2439 1628 revocat,
2492 1551 2646 1635 quid

262 1658 486 1739 quinto
546 1655 714 1720 libro
776 1660 1164 1720 tractaturus
1229 1657 1316 1717 sit
1359 1655 1659 1739 proponit
1702 1673 1799 1718 vs.
1852 1650 2153 1730 55-90;
2204 1660 2349 1718 tum
2393 1658 2643 1742 pergit:

267 1809 298 1838 „
314 1763 485 1842 Quod
520 1768 807 1843 superest,
856 1783 930 1824 ne
978 1768 1034 1824 te
1077 1760 1146 1824 in
1178 1759 1496 1842 promissis
1526 1759 1720 1840 phora
1768 1782 2070 1836 moremur,
2100 1761 2414 1843 principio
2450 1763 2648 1825 maria

263 1890 332 1928 ae
374 1875 568 1930 terras
615 1867 950 1951 eaebnmqne
997 1867 1224 1929 tuere''.
1274 1864 1710 1950 Conspicuum
1757 1871 1854 1928 est
1898 1867 2107 1950 igitur
2147 1867 2305 1949 qnod
2342 1889 2521 1948 snper
2560 1874 2649 1930 eet

264 1973 382 2037 hoc
416 1972 557 2037 loco
591 1994 838 2057 meram
875 1993 1010 2037 esse
1049 1971 1394 2035 formulam
1434 1971 1833 2034 transitionis
1850 2017 1866 2046 ,
1908 1969 2083 2035 idem
2120 1970 2251 2035 fere
2290 1971 2647 2057 significan-

265 2083 394 2140 tem
433 2084 627 2162 atque
667 2079 786 2140 iam
806 2127 822 2155 ,
865 2100 972 2157 aye
988 2097 1004 2154 ;
1046 2076 1282 2140 Munro
1324 2081 1492 2139 recte
1531 2077 1765 2152 vertit:
1807 2075 1946 2137 well
1982 2077 2121 2138 then
2137 2095 2154 2152 3
2203 2081 2391 2141 vetus
2437 2080 2644 2142 versio
2688 2101 2692 2106 ·

265 2183 524 2270 Belgica
561 2186 913 2270 copiosius:
960 2181 1212 2267 „Opdat
1249 2181 1321 2245 ik
1357 2184 1514 2266 mijn
1553 2180 1832 2245 beloftcn
1864 2181 2124 2246 verders
2148 2180 2539 2270 volbrenge''
2568 2181 2643 2263 2).

268 2327 348 2338 —
383 2289 598 2355 Semel
629 2290 817 2354 Lucr.
845 2284 1344 2353 demonstrative
1371 2287 1569 2350 dixit:
1620 2287 1797 2362 „Hoc
1821 2286 1999 2349 etiam
2022 2309 2200 2369 snper
2224 2287 2352 2351 est'’
2398 2288 2458 2353 6.
2489 2284 2645 2352 9¹79.

349 2395 595 2461 Deinde
654 2399 724 2459 in
781 2397 1001 2472 initio,
1065 2415 1192 2458 non
1254 2393 1392 2457 dico
1456 2392 1701 2476 periodi
1763 2393 1875 2456 sed
1935 2396 2321 2470 sententiae,
2384 2395 2483 2459 bis
2528 2393 2644 2458 ina

267 2500 536 2566 formula
573 2499 850 2587 legitur:
895 2498 956 2564 4.
989 2497 1139 2576 768,
1180 2519 1374 2583 quem
1403 2497 1619 2562 locum
1644 2497 1908 2583 Brieger
1931 2497 2209 2576 seclusit,
2250 2505 2315 2563 et
2340 2498 2402 2563 4.
2434 2498 2642 2564 1283:

271 2607 435 2682 „Nec
490 2605 791 2670 divinitus·
834 2606 1133 2668 interdum
1195 2603 1550 2689 Venerisque
1589 2602 1833 2682 saqittis
1877 2605 2169 2667 deteriore
2197 2606 2287 2686 fit
2332 2611 2400 2667 nt
2426 2605 2647 2690 forma

265 2712 615 2777 mubierenla
661 2719 920 2776 ametur:
967 2736 1105 2776 nam
1155 2760 1169 2774 .
1200 2758 1215 2775 .
1245 2761 1260 2777 .
1302 2715 1457 2791 (tres
1505 2729 1631 2774 vss.
1683 2714 2037 2795 sequuntur
2053 2731 2069 2788 ;
2120 2714 2264 2777 tum
2310 2733 2474 2778 nova
2511 2734 2647 2777 sen-

265 2822 460 2884 tentia.
497 2822 773 2905 incipit).
815 2821 972 2905 qnod
1007 2824 1292 2901 superest,
1325 2819 1683 2881 consuetudo
1711 2816 2027 2880 concinnat
2048 2840 2333 2881 amorem.-
2372 2842 2510 2882 nam
2536 2866 2551 2883 .
2580 2869 2597 2886 .
2628 2866 2645 2883 .

265 2924 628 3013 Significat:
673 2932 1013 3007 praeterea.

347 3032 422 3096 In
462 3032 674 3098 medio
715 3036 934 3096 autem
958 3033 1292 3095 enunciato
1315 3029 1560 3115 legitur
1582 3032 1743 3113 qnod
1774 3037 2040 3112 superest
2061 3031 2236 3095 hisce
2258 3030 2415 3095 locis
2440 3031 2499 3096 2.
2532 3030 2643 3109 39,

269 3136 425 3215 491;
471 3138 532 3204 5.
563 3137 649 3203 64
668 3158 684 3215 ;
730 3138 791 3203 6.
823 3137 1030 3216 1000;
1072 3158 1278 3201 unum
1315 3136 1685 3221 exemplum
1725 3136 2017 3201 afferam:
2060 3137 2121 3201 2.
2151 3136 2235 3201 39
2262 3134 2646 3221 quapropter

265 3245 535 3327 qnoniam
598 3244 696 3307 nil
740 3251 939 3307 nostro
986 3243 1055 3305 in
1099 3264 1340 3324 corpore
1379 3264 1566 3324 qazae
1600 3241 1935 3324 proficiunt
1982 3265 2165 3327 neque
2209 3243 2495 3305 nobilitas
2541 3266 2646 3306 nee

257 3349 455 3427 floria
499 3349 673 3430 reqni
693 3397 710 3427 ‚
760 3350 918 3433 qnod
959 3355 1261 3430 superest,
1312 3347 1506 3411 animo
1559 3369 1785 3432 quoqne
1829 3347 1926 3409 nil
1957 3350 2245 3428 prodesse
2278 3350 2639 3429 putandum.

265 3450 498 3519 Oreech
517 3451 551 3518 :¹
583 3454 764 3517 etiam
781 3502 797 3531 ,
849 3454 1120 3519 Munro:
1169 3455 1505 3533 adoaneinq
1536 3455 1817 3538 sarther.

352 3560 622 3626 Duobus
683 3560 839 3624 locis
905 3559 1223 3647 significat
1287 3562 1446 3644 qnod
1503 3566 1725 3623 restat:
1798 3558 1856 3623 1.
1889 3558 2014 3623 921
2082 3582 2239 3623 nnnc
2298 3582 2439 3641 aye,
2488 3562 2647 3645 qnod

266 3689 438 3748 super
501 3674 590 3730 est
653 3688 924 3747 eoqnoeee
985 3673 1043 3729 et
1102 3666 1330 3730 clarius
1391 3665 1540 3728 andi
1554 3693 1582 3740 ;
1635 3665 1697 3729 2.
1732 3663 1858 3729 183
1900 3665 1971 3728 id
2015 3667 2172 3750 qnod
2212 3688 2391 3747 snper
2435 3674 2521 3729 eet
2566 3668 2641 3729 de

219 3814 224 3820 ·
266 3773 508 3835 motibus
576 3771 952 3853 empediemns
966 3800 995 3847 ;
1075 3773 1308 3856 quibus
1376 3770 1532 3835 locis
1603 3771 1729 3835 duo
1800 3770 2189 3855 adiungendi
2260 3776 2409 3835 sunt
2426 3818 2442 3847 ,
2527 3772 2641 3836 ubi

262 3880 598 3961 genetivus
662 3878 906 3942 accedit
969 3877 1048 3942 ad
1109 3879 1304 3943 verba
1367 3897 1527 3961 quae
1588 3880 1738 3940 sunt
1798 3878 1958 3961 qnod
2012 3899 2189 3958 snper
2248 3884 2368 3941 est:
2419 3875 2484 3946 3.,
2509 3875 2638 3941 905

265 3984 390 4047 aevi
435 3985 598 4071 quod
639 4004 838 4066 super·
867 3990 954 4048 est
999 3989 1064 4048 et
1113 3982 1173 4050 5.
1201 3983 1333 4049 206
1381 3984 1540 4067 qnod
1582 4004 1764 4064 cuper
1811 3989 1897 4045 eet
1942 3984 2099 4047 arvi.

327 4194 380 4257 1)
420 4196 576 4258 »quod
603 4198 814 4258 superest
847 4193 1054 4243 markirt
1095 4195 1176 4243 das
1209 4194 1353 4243 letztc
1390 4193 1723 4258 nothwendige
1763 4193 1904 4243 Glicd
1940 4195 2073 4245 einer
2107 4194 2305 4245 Reihe’t
2383 4190 2389 4197 ’

323 4276 379 4340 2)
413 4279 520 4325 1)οιι
554 4277 823 4341 oorspronk
858 4276 979 4326 aller
1014 4276 1197 4340 Dingen
1233 4293 1333 4326 enz.
1371 4277 1444 4326 uit
1478 4278 1560 4326 het
1597 4278 1755 4341 Latijn
1791 4277 2005 4326 vertaald
2040 4279 2158 4327 door
2192 4279 2239 4330 J.
2282 4281 2337 4328 D.
2366 4280 2471 4327 wit
2502 4279 2637 4328 MD.

262 4358 360 4406 Dcn
402 4360 616 4407 twecden
650 4359 776 4408 druk
811 4358 1000 4421 (eadem
1034 4362 1104 4407 est
1137 4345 1448 4424 atqueprior
1485 4360 1672 4425 editio).
1722 4360 1788 4408 ‘re
1823 4362 2141 4411 Amstcrdam.
2190 4362 2317 4411 Voor
2350 4362 2432 4409 het
2470 4362 2650 4413 Konst-

255 4441 562 4506 qenootsckap
596 4441 656 4491 In
692 4441 887 4506 Magnis
915 4442 1120 4491 voluisse
1155 4445 1229 4492 sat
1264 4446 1350 4493 est.
1390 4442 1539 4495 1709.
