3351 5463
1256 373 1340 418 nr.
1383 373 1534 418 mun·
1579 373 1860 420 Rome.
2666 351 2750 416 59

357 540 687 620 receptam
736 558 904 615 esse,
956 538 1322 604 Mommsen
1371 540 1552 604 docet
1599 537 1698 618 (G.
1725 536 1777 602 I.
1802 537 1875 602 L.
1924 537 1955 600 I
2001 559 2061 621 p.
2114 535 2248 616 64),
2297 535 2467 620 quod
2504 542 2751 601 utrum-

357 662 487 726 que
551 641 790 706 falsum
852 644 1129 710 videtur.
1178 645 1348 710 Nam
1393 665 1598 728 neque
1647 644 2069 712 demonstrari
2115 647 2363 727 potest,
2412 643 2749 728 peregrino

356 750 646 833 praetori
695 769 1007 833 umquam
1061 750 1223 814 hanc
1276 753 1678 835 provinciam
1731 750 1927 814 fuisse
1946 795 1963 826 ,
2024 767 2184 831 quae
2238 753 2419 811 extra
2462 747 2749 811 ordinem

355 853 778 939 delegabatur
823 875 860 918 a
905 860 1128 920 senatu
1147 905 1162 935 ,
1204 864 1546 940 antequam
1586 860 1751 920 esset
1787 855 2074 940 quaestio
2113 857 2422 938 perpetua
2460 852 2631 931 (Liv.
2661 849 2747 914 43

359 981 412 1024 c.
466 959 558 1039 2),
623 980 826 1044 neque
889 963 1107 1024 omnia
1167 982 1605 1046 quaecumque
1665 982 1743 1025 ex
1807 961 1968 1024 bono
2031 963 2097 1022 et
2143 979 2343 1043 aequo
2390 958 2751 1022 introducta

361 1068 494 1129 sint
509 1114 527 1142 ,
593 1068 790 1130 etiam
853 1071 1072 1132 contra
1130 1069 1294 1131 iuris
1355 1066 1568 1133 civilis
1631 1069 1943 1130 rationem
2009 1073 2263 1148 recepta
2324 1063 2451 1126 dici
2496 1063 2747 1126 debent.

361 1171 628 1236 Privato
674 1193 774 1237 res
811 1178 1191 1259 repetuntur
1230 1179 1344 1238 aut
1383 1173 1829 1238 vindicationis
1858 1169 1909 1251 1)
1949 1173 2089 1235 iure
2102 1219 2117 1247 ,
2163 1174 2277 1234 aut
2316 1169 2748 1244 condictionis,

361 1283 478 1341 aut
539 1277 707 1343 dotis
733 1278 808 1359 ⁹),
872 1284 986 1344 aut
1047 1279 1438 1345 commodati
1466 1277 1535 1360 3),
1601 1283 1715 1342 aut
1778 1275 2210 1361 stipulationis
2236 1272 2321 1355 4);
2370 1275 2749 1360 plerumque

360 1388 582 1446 tamen
618 1388 684 1446 et
722 1384 852 1449 fere
891 1405 1144 1469 semper
1183 1385 1575 1450 condictione
1613 1388 1896 1469 repetere
1933 1380 2367 1468 intefligimur
2392 1383 2466 1460 ⁵).
2506 1378 2751 1444 Nihilo—

361 1489 575 1573 magis
636 1492 844 1553 omnis
907 1491 1082 1555 condi
1090 1494 1216 1556 ctio
1270 1492 1566 1577 repetitio
1615 1489 1830 1565 audit3
1880 1487 2089 1552 veluti
2114 1489 2437 1573 'pecuniae
2484 1489 2750 1550 mutuae

363 1593 680 1659 condictio
728 1601 824 1670 est
849 1594 924 1674 ⁰),
973 1599 1270 1680 repetitio
1315 1618 1440 1661 non
1486 1600 1602 1660 est.
1651 1593 1754 1658 Ex
1796 1594 2041 1658 furtiva
2091 1613 2343 1677 quoque
2390 1611 2579 1656 causa
2615 1612 2751 1656 con-

363 1701 573 1764 dicere
620 1700 896 1765 dicimur
913 1749 929 1778 ,
977 1708 1262 1787 repetere
1307 1724 1436 1766 non
1484 1700 1781 1765 dicimur.
1832 1699 1983 1776 Est,
2047 1699 2218 1783 quod
2278 1697 2674 1782 Pomponius
2700 1701 2753 1775 ⁷)

364 1811 658 1884 testatur,
707 1807 785 1871 ob
832 1827 972 1871 rem
1017 1806 1150 1872 dati
1194 1810 1525 1893 repetiti03
1573 1810 1670 1872 est
1708 1805 1878 1890 quod
1916 1826 1996 1869 ex
2034 1803 2239 1868 Paulo
2269 1803 2323 1888 ⁸)
2351 1802 2497 1868 addi
2520 1805 2748 1886 potest,

363 1914 446 1978 ob
511 1914 1003 1977 transactionem
1020 1961 1036 1990 ,
1098 1919 1358 1999 propter
1413 1912 1849 1988 condicionem
1872 1959 1889 1988 ,
1937 1909 2210 1975 indebiti
2255 1909 2389 1973 dati
2432 1908 2747 1993 repetitio,

364 2018 489 2083 ma
551 2020 629 2084 ob
684 2039 824 2083 rem
869 2019 1004 2084 dati
1051 2022 1392 2105 competit,
1443 2023 1579 2084 sive
1627 2021 1837 2104 turpis
1886 2015 2235 2101 accipiendi
2282 2034 2469 2079 causa
2516 2013 2713 2077 fuerit
2730 2059 2746 2088 ,
2788 2004 2792 2008 ’

365 2127 504 2190 sive
567 2145 667 2188 res
729 2131 946 2189 secuta
1009 2147 1132 2190 non
1195 2128 1278 2189 sit
1338 2124 1408 2204 (1.
1462 2125 1496 2189 1
1550 2124 1627 2190 D.
1679 2123 1784 2189 12.
1813 2121 1901 2204 5).
1967 2122 2054 2188 Et
2098 2121 2286 2186 modo
2332 2119 2567 2184 sufficit
2610 2138 2748 2182 rem

365 2235 652 2295 secutam
713 2252 838 2295 non
901 2251 1066 2308 esse,
1130 2237 1206 2296 ut
1269 2235 1590 2316 competat
1637 2231 1706 2294 ἐκ
1753 2228 2190 2307 μεταμελείας
2236 2227 2531 2312 repetitio
2579 2223 2751 2289 dato-

361 2357 512 2400 rum
529 2385 546 2414 ,
610 2335 802 2400 modo
863 2339 1213 2420 requiritur
1258 2338 1602 2402 adversarii
1651 2339 2053 2402 contumacia
2070 2385 2087 2410 ,
2138 2340 2212 2398 ut
2259 2336 2581 2418 competat
2627 2328 2745 2394 ἀπ’

362 2442 808 2519 ἀγνωμοσύνης
831 2447 904 2523 ⁹).
967 2440 1219 2521 Veluti,
1281 2445 1336 2506 si
1382 2443 1501 2507 tibi
1551 2443 1698 2507 dedi
1742 2445 2080 2528 pecuniam
2127 2447 2202 2505 ut
2243 2439 2409 2505 mihi
2453 2436 2750 2502 Stichum

364 2548 582 2624 dares,
643 2546 820 2612 locus
881 2553 977 2611 est
1025 2548 1092 2610 ἐκ
1138 2549 1576 2624 μεταμελείας
1626 2550 2023 2633 repetitioni,
2073 2547 2339 2629 ideoque
2386 2545 2442 2606 si
2488 2549 2749 2606 mortuus

363 2660 451 2716 est
502 2652 735 2715 Stichus
773 2658 1118 2737 antequam
1162 2654 1329 2717 mihi
1368 2653 1627 2717 daretur
1645 2701 1661 2730 ,
1703 2655 2041 2739 pecuniam
2081 2650 2447 2716 omnimodo
2485 2655 2750 2730 repetere

348 2781 600 2842 possum
629 2757 726 2839 ¹⁰).
783 2758 880 2823 Ex
930 2759 1212 2837 divers0,
1263 2762 1319 2823 si
1369 2760 1491 2824 tibi
1539 2759 1685 2824 dedi
1730 2762 2068 2844 pecuniam
2089 2808 2103 2835 ,
2153 2765 2227 2821 ut
2275 2756 2571 2821 Stichum
2619 2774 2751 2818 ma-

361 2867 780 2941 numittereS‚
824 2867 1121 2950 repetitio
1167 2870 1263 2929 est
1308 2867 1424 2928 ἀπ’
1470 2865 1913 2941 ἀγνωμοσύνης
1936 2912 1951 2942 ,
2002 2863 2264 2950 proinde
2306 2865 2363 2926 si
2395 2864 2453 2926 is
2492 2860 2748 2925 Stichus

361 2970 706 3034 decesserit
775 2974 920 3034 ante
991 2970 1059 3033 id
1127 2976 1387 3054 tempus
1444 2991 1568 3054 quo
1629 2972 2010 3035 manumitti
2070 2970 2385 3054 potuerit,
2451 2968 2749 3051 repetitio

359 3097 494 3140 non
539 3081 636 3139 est
663 3072 767 3151 11).
831 3074 1032 3152 Aliis,
1082 3076 1194 3140 ubi
1242 3078 1510 3160 pecunia
1556 3074 1766 3152 datur,
1814 3080 1889 3140 ut
1935 3072 2172 3158 aliquid
2220 3076 2496 3159 praestet
2542 3074 2597 3135 is
2646 3072 2751 3134 cui

435 3332 490 3395 1)
522 3332 577 3380 L.
614 3332 678 3380 29
712 3334 770 3381 D.
808 3333 962 3391 12.6;
1001 3349 1041 3382 c.
1078 3333 1143 3381 20
1176 3333 1230 3381 C.
1269 3334 1315 3382 3.
1338 3333 1417 3381 32.
1470 3332 1691 3381 Incertus
1726 3347 1832 3380 sum
1866 3332 1923 3379 de
1960 3330 1991 3379 l.
2029 3332 2113 3389 46,
2147 3330 2180 3379 l.
2220 3332 2281 3379 53
2319 3332 2376 3377 D.
2414 3330 2571 3387 12.6;
2608 3345 2648 3377 c.
2684 3329 2749 3377 10

357 3414 414 3462 C.
455 3417 500 3463 5.
522 3415 567 3463 3.
605 3416 928 3479 opponuntur
960 3415 1090 3463 inter
1125 3430 1174 3463 se
1210 3414 1469 3464 vindicatio
1504 3418 1552 3463 et
1587 3413 1837 3479 repetitio:
1876 3413 1908 3461 1.
1945 3413 1975 3461 9
2013 3415 2034 3474 5
2073 3412 2097 3459 1
2137 3413 2193 3460 D.
2230 3413 2307 3461 14.
2332 3412 2375 3459 6.

431 3494 484 3555 2)
518 3496 570 3544 L.
609 3495 670 3548 67
708 3498 768 3547 D.
803 3496 963 3555 23.3;
1001 3497 1035 3545 1.
1073 3495 1133 3548 17
1171 3499 1231 3546 D.
1267 3498 1346 3547 14.
1370 3498 1426 3556 63
1471 3496 1608 3546 Paul.
1645 3496 1767 3545 Inst.
1804 3494 1883 3545 lib.
1922 3493 2004 3553 113
2040 3494 2245 3559 Ulp.v1
2280 3496 2375 3555 56;
2414 3510 2453 3542 c.
2474 3492 2521 3546 7.
2554 3492 2609 3543 C.
2633 3496 2677 3542 5.
2697 3496 2745 3541 4.

431 3578 490 3643 3)
526 3578 590 3627 L.
626 3577 704 3631 17.
742 3580 812 3640 53
845 3579 879 3627 i.
899 3578 931 3628 f.
970 3580 1030 3627 D.
1071 3580 1149 3628 13.
1171 3580 1214 3629 6.

426 3661 487 3723 4)
522 3675 563 3708 c.
583 3657 644 3708 17
682 3660 734 3709 C.
753 3661 799 3709 2.
819 3662 878 3719 4;
913 3675 952 3707 c.
992 3660 1022 3707 6
1057 3660 1114 3709 C.
1153 3661 1197 3709 8.
1217 3660 1283 3708 42
1303 3662 1422 3723 (43).
1456 3661 1627 3723 Itaque
1654 3674 1903 3725 possumus
1930 3659 2103 3720 (dotis)
2134 3657 2455 3721 repetitionem
2471 3656 2743 3720 stipulam)

352 3744 426 3807 (c.
463 3743 496 3789 3
532 3742 601 3802 §1
638 3741 689 3790 C.
729 3744 773 3791 5.
797 3739 896 3803 17),
933 3741 1121 3805 eritque
1154 3742 1290 3791 nobis
1326 3742 1454 3791 dotis
1487 3758 1544 3790 ex
1579 3758 1635 3790 eo
1670 3741 1906 3807 stipulatu
1940 3740 2161 3804 repetitio
2195 3744 2255 3800 (c.
2292 3742 2320 3787 5
2357 3739 2410 3787 C.
2450 3739 2617 3802 518).

431 3826 483 3883 5)
529 3822 585 3872 1..
621 3824 652 3871 3
685 3824 756 3883 52
791 3825 848 3872 D.
886 3824 1042 3881 2.15;
1089 3823 1207 3872 1.18
1243 3825 1315 3885 53
1350 3825 1409 3873 D.
1445 3824 1572 3884 4.3;
1620 3822 1654 3871 l.
1694 3822 1722 3873 7
1758 3823 1827 3885 51
1871 3825 1925 3871 D.
1969 3824 2123 3880 12.4;
2164 3822 2194 3869 l.
2234 3823 2298 3869 34
2334 3822 2570 3879 Ι).12.6;
2610 3819 2644 3869 1.
2681 3821 2745 3869 22

353 3905 445 3968 §9
499 3906 559 3953 D.
597 3903 833 3963 17.1;1.
867 3905 932 3953 46
967 3920 1043 3969 pr.
1082 3908 1138 3955 D.
1180 3905 1335 3964 23.3;
1389 3904 1423 3954 l.
1459 3906 1488 3953 3
1525 3907 1596 3966 55
1634 3906 1692 3954 D.
1730 3903 1889 3964 37.6;
1938 3905 1970 3953 1.
2009 3906 2072 3953 35
2107 3905 2179 3966 53
2215 3905 2271 3952 D.
2312 3902 2468 3961 39.6;
2517 3902 2740 3963 1.1511

351 3990 420 4037 D.
456 3987 618 4045 44.5;
654 4001 693 4034 ο.
730 3986 759 4038 7
795 3987 850 4036 C.
887 3988 1042 4045 4.80;
1081 4003 1119 4036 c.
1158 3986 1187 4038 7
1225 3987 1278 4036 C.
1318 3990 1360 4037 5.
1384 3988 1428 4037 6.

429 4070 486 4127 6)
525 4067 746 4117 Vidimus
780 4083 882 4133 cap.
921 4068 1086 4118 XXII.
1120 4068 1240 4117 Add.
1279 4068 1312 4117 1.
1352 4071 1380 4117 5
1415 4084 1490 4133 pr.
1529 4070 1589 4118 D.
1627 4070 1708 4117 15.
1744 4071 1791 4118 4.

427 4150 487 4214 7)
522 4149 576 4198 1..
615 4148 678 4196 52
713 4150 772 4198 D.
810 4150 889 4199 12.
909 4150 955 4198 6.

426 4231 486 4294 8)
522 4230 578 4279 L.
614 4230 676 4277 65
715 4232 772 4279 D.
809 4230 958 4279 12.6.

424 4315 480 4375 9)
519 4313 764 4376 Quaedam
797 4312 1108 4361 delibavimus
1140 4328 1245 4379 cap.
1279 4314 1462 4364 LVIII.

427 4395 520 4459 10)
556 4394 677 4443 Cels.
713 4393 744 4443 l.
783 4395 845 4443 16
882 4395 939 4443 D.
978 4395 1056 4443 12.
1077 4396 1126 4443 4.

425 4478 518 4537 11)
551 4475 664 4540 Ulp.
699 4475 781 4541 (ex
814 4476 977 4538 Proc.)
1013 4474 1046 4526 1.
1083 4478 1112 4524 3
1150 4478 1221 4540 53
1259 4478 1317 4526 D.
1354 4476 1435 4527 12.
1450 4479 1500 4527 4.
