3351 5463
667 353 760 426 48
1124 352 1128 356 ’
1663 367 2054 427 inscmus.

762 546 954 610 Eum.
1005 538 1136 608 598
1184 539 1210 608 ὅ
1259 542 1484 618 μάντις
1537 539 1935 619 ἐξηγεῖτό
1983 563 2072 605 σοι
2120 547 2576 620 μητροκτονεῒν;

669 653 821 718 Sine
881 651 1308 716 controversia
1365 668 1588 714 verum
1651 654 1747 711 est
1816 648 1883 710 εἰ
1901 670 1938 709 o·
1962 670 1995 718 n
2020 671 2063 722 y
2085 646 2255 711 εῖτ-ό
2270 694 2287 725 ,
2374 654 2580 711 auctor
2640 653 2805 730 erat,
2874 645 3051 712 unde

671 764 878 821 auctor
926 757 1256 831 εἰσηγητής
1306 754 1560 818 dicitur.
1609 751 1754 816 Non
1802 750 2085 816 alienum
2134 772 2266 816 esse
2316 773 2353 816 a
2398 752 2727 839 tragoedia
2770 754 3055 818 verbum

670 864 1078 928 notissimum
1125 859 1282 938 (vid.
1332 858 1561 936 lexica)
1610 856 1951 920 ostendunt
1997 854 2235 922 Critiae
2280 858 2356 922 fr.
2407 857 2437 920 I
2490 858 2592 923 16.
2642 857 2820 943 Ioph.
2863 858 2911 935 Ι,
2957 859 3051 923 25

672 989 819 1053 pag.
873 962 998 1032 '7¹71
1051 985 1150 1049 ap.
1197 964 1360 1029 ch.
1425 962 1693 1047 Saepius
1738 961 1986 1026 librarii
2030 962 2454 1027 confuderunt
2489 963 2867 1040 διηγεῖσθκι,
2908 986 3059 1026 nar-

671 1096 808 1136 rare
826 1121 841 1150 ,
894 1071 1244 1149 ἐξηγεῖσθοει
1292 1091 1608 1151 exponere,
1660 1067 1995 1150 explicare,
2049 1069 2425 1144 εἰσηγεῖσθαι
2476 1075 2769 1132 auctorem
2816 1090 2955 1132 esse.

758 1291 951 1355 Eum.
1001 1289 1129 1354 611
1181 1289 1398 1366 δρᾶσαι
1448 1288 1573 1367 γὰρ
1622 1284 1819 1363 ὥσπερ
1868 1285 2096 1349 ἐστὶν
2146 1287 2251 1350 οὐκ
2304 1287 2665 1364 ἀρνούμεθα.

673 1397 952 1482 Blaydes
998 1419 1060 1481 p.
1110 1393 1242 1459 292
1311 1390 1548 1472 υὥσπερ
1616 1393 1777 1456 ἐστὶν
1845 1391 2283 1477 suspectum''.
2346 1391 2525 1456 Idem
2590 1415 2650 1478 p.
2702 1391 2831 1457 348
2881 1391 3055 1470 „Qm

671 1501 766 1568 οὖν
817 1501 942 1565 τόδ’
993 1500 1232 1576 §mm
1281 1497 1551 1562 Subesse
1596 1500 1837 1561 vitium
1886 1499 2146 1561 omnino
2195 1499 2255 1561 ei
2300 1501 2626 1563 assentior.
2691 1496 2853 1577 Quia
2896 1518 3061 1562 vero

673 1606 892 1693 paullo
955 1611 1099 1670 ante
1162 1610 1282 1684 (vs.
1333 1601 1490 1683 588)
1553 1601 1805 1668 Orestes
1855 1603 2177 1667 confessus
2225 1607 2361 1668 erat
2406 1604 2682 1667 ἔκτεινα·
2735 1601 2947 1666 τούτου
2998 1603 3062 1666 δ’

675 1710 773 1796 (γ’
837 1717 1003 1776 recte
1061 1709 1188 1789 BL)
1252 1706 1414 1780 οὔτις
1479 1705 1721 1787 ἄρνησις
1790 1706 1965 1771 πέλει
2030 1727 2199 1771 nunc
2258 1707 2435 1772 idem
2494 1713 2781 1793 repetens
2844 1706 3065 1772 dicere

679 1817 978 1882 debebat:

1168 1921 1388 1998 δρᾶσαι
1438 1919 1599 1998 γὰρ,
1653 1916 1850 1999 ὥσπερ
1901 1913 2165 1994 εἶπον,
2216 1919 2321 1982 οὐκ
2369 1919 2730 1998 ἀρνούμεθα.

763 2125 954 2190 Eum.
1005 2122 1135 2189 645
1186 2121 1627 2196 πέδαις-μὲν
1677 2118 1768 2184 ἂν
1815 2120 2183 2200 λύσειεν,
2236 2120 2362 2186 ἔστι
2415 2121 2578 2186 τοῦδ’
2628 2120 2772 2192 ἄκος

1189 2227 1295 2291 καὶ
1345 2225 1542 2306 κᾶρτοι
1593 2229 1797 2299 πολλὴ
1846 2231 2109 2306 μηχανὴ
2156 2231 2450 2306 λυτήριος.
2650 2211 2654 2214 d

680 2334 785 2402 Sic
833 2335 1047 2400 codex.
1095 2331 1372 2397 Dindorf
1409 2336 1474 2396 et
1520 2330 1854 2396 Wecklein
1904 2332 2096 2404 πέδαις
2146 2335 2259 2409 μὲν
2305 2333 2382 2397 ἂν
2428 2333 2680 2402 λύσειας
2728 2333 3061 2410 scribunt,

678 2441 848 2507 Weil
889 2447 954 2505 et
1001 2439 1277 2525 Blaydes
1326 2439 1505 2503 πέδαι
1557 2437 1668 2513 μὲν
1720 2437 1795 2502 ἂν
1837 2442 2087 2503 λυθεῖεν.
2137 2438 2372 2504 Vereor
2415 2444 2633 2503 tamen
2678 2444 2754 2503 ut
2792 2441 3066 2524 gravior

679 2549 766 2612 sit
827 2545 1204 2631 corruptela.
1271 2543 1438 2610 Nam
1483 2547 1575 2608 ita
1622 2549 1687 2608 et
1736 2545 1907 2608 τοῦδε
1954 2547 2337 2609 incuriosius
2386 2544 2632 2609 dictum
2681 2550 2808 2620 est,
2859 2547 3065 2629 siqui-

678 2654 823 2717 dem
879 2655 1157 2717 severior
1199 2652 1625 2737 grammatica
1672 2655 1889 2714 contra
1934 2655 2218 2714 mentem
2267 2656 2488 2736 poetae
2534 2650 2655 2714 hoc
2702 2669 3065 2736 pronomen

676 2758 982 2843 explicari
1041 2758 1291 2821 iuberet
1354 2762 1455 2819 τοῦ
1524 2756 1716 2827 πέδας
1781 2760 1970 2819 λῦσαι
2020 2760 2336 2840 (expectes
2385 2756 2614 2820 saltem
2663 2754 2854 2832 τῶνδ’,
2901 2758 2945 2818 1.
3002 2776 3060 2818 e.

678 2863 897 2943 πεδῶν)
960 2869 1023 2927 et
1085 2882 1314 2947 parum
1378 2861 1705 2946 eleganter
1767 2868 1908 2946 post
1969 2861 2083 2925 illa
2147 2862 2337 2926 verba
2396 2866 2767 2947 sequeretur
2828 2859 2931 2923 καὶ
2963 2898 3057 2907 -

677 2956 1084 3046 λυτήριος.
1132 2966 1228 3031 Ne
1277 2965 1519 3043 multa,
1565 2968 1706 3029 iure
1753 2972 2163 3050 expectamus

1174 3071 1461 3143 πέδαις
1511 3071 1654 3148 μὲν
1705 3070 1787 3145 ἣν
1835 3070 2013 3155 δεθῇ
2063 3095 2221 3149 τις,
2272 3068 2401 3135 ἔστι
2453 3071 2614 3135 τοῦδ’
2664 3070 2806 3143 ἄκος
2857 3086 3004 3136 κτλ.

765 3291 959 3359 Eum.
1010 3288 1140 3357 708
1327 3300 1330 3305 ’
2074 3288 2495 3369 ὀρθοῦσθαι
2547 3288 2609 3352 δὲ
2654 3289 2775 3368 χρὴ

1174 3396 1277 3459 καὶ
1327 3402 1538 3477 ψῆφον
1586 3394 1845 3473 αἴρειν
1894 3393 1998 3458 καὶ
2050 3395 2379 3473 διαγνῶναι
2427 3395 2596 3469 δίκην

1175 3501 1557 3577 αἰδουμένους
1609 3502 1711 3563 τὸν
1759 3495 1944 3577 ὅρκον.

675 3608 971 3674 Feliciter
995 3626 1196 3691 nuper
1220 3604 1638 3670 Stadtmiiller
1662 3606 1943 3690 repperit
1968 3625 2188 3671 veram
2211 3606 2552 3672 lectionem
2588 3606 2663 3684 ὂρ
2685 3630 2720 3669 κ
2740 3629 2766 3669 ο
2785 3610 2817 3670 ῦ
2836 3606 2921 3669 σθ
2944 3630 2985 3667 a
3010 3631 3058 3669 ι.

675 3714 859 3779 Nove
907 3712 1166 3797 quidem
1212 3712 1460 3777 dictum
1507 3718 1604 3777 est
1649 3717 1861 3791 ψῆφον
1911 3710 2094 3790 αἴρειν
2140 3734 2254 3796 pro
2299 3715 2372 3789 ψ.
2417 3712 2641 3791 φέρειν,
2681 3732 2796 3776 nec
2833 3697 3061 3776 tamen

676 3833 826 3884 cum·
871 3817 1209 3903 Blaydesio
1254 3839 1333 3883 ex
1378 3839 1473 3882 vs.
1518 3817 1648 3882 630
1698 3819 1891 3897 ψήφῳ
1930 3817 2173 3896 διαιρεῖν
2214 3818 2320 3901 (cf.
2366 3815 2518 3883 742.
2562 3816 2720 3896 488)
2759 3816 3061 3881 concludi

675 3930 887 4010 potest
930 3928 1185 4008 poetam
1231 3922 1475 3988 dedisse
1512 3926 1722 4003 ψῆφον
1767 3924 2046 4002 αἱρεῖν.
2092 3922 2211 3987 Est
2246 3926 2319 4000 ψ.
2360 3920 2543 4000 αἴρειν
2583 3924 2833 4007 proprie
2872 3944 3061 3985 manu

679 4032 888 4097 tollere
931 4029 1288 4115 suffrayium
1305 4076 1322 4106 ,
1371 4033 1448 4094 ut
1494 4029 1659 4094 feras
1708 4028 1845 4093 scil.

764 4234 957 4298 Eum.
1008 4230 1138 4297 720
1183 4234 1413 4312 βαρεῖαι
1465 4232 1638 4316 χώρᾳ
1686 4231 1819 4311 τῇδ’
1870 4230 2139 4307 ὁμιλήσω
2190 4232 2463 4296 πάλιν.

673 4340 815 4407 Stat
867 4338 1033 4401 mihi
1077 4337 1388 4421 hodieque
1437 4344 1624 4404 vetus
1671 4338 1984 4401 sententia
2030 4341 2373 4402 necessario
2420 4337 2869 4424 corrigendum
2914 4356 3057 4401 esse

677 4469 725 4509 π
745 4443 786 4507 ά
804 4468 832 4507 ν
849 4465 883 4505 υ
901 4490 916 4519 ,
977 4443 1126 4527 quia
1170 4463 1498 4527 nunquam
1545 4447 1693 4507 ante
1740 4442 1858 4505 hac
1903 4440 2093 4506 Dirae
2141 4462 2295 4527 agro
2343 4444 2559 4507 Attico
2606 4442 2874 4507 infestae
2920 4440 3061 4505 fue—
