3351 5463
1312 383 1703 435 nscnuus.
2610 366 2695 436 37

417 551 648 637 Agam.
702 550 856 616 350·
895 552 1167 627 εἱλόμην.
1230 552 1502 638 Blaydes
1555 575 1618 638 p.
1671 551 1800 618 176
1853 550 2013 631 ‚,Qu.
2065 551 2373 630 ἔλπομαι,
2422 553 2529 617 vel
2578 553 2697 616 ἔσθ’

321 656 484 734 ὃρὲἱν,
547 655 656 721 vel
720 657 1006 737 ᾐσθόμην,
1071 653 1176 723 vel
1235 657 1560 736 ηὑρόμην”.
1633 657 1729 723 De
1791 657 1919 722 loci
1979 660 2294 723 sententia
2352 661 2460 744 egi
2518 659 2593 723 Ε.
2618 659 2697 722 Α.

321 783 386 847 p.
442 760 590 840 133,
637 763 753 827 ubi
798 765 1093 848 proposui
1142 761 1436 841 εὔχομαι.

415 943 649 1030 Agam.
699 943 831 1009 430
893 944 1228 1010 πένθεια
1291 944 1901 1021 τλησικάρδιος.
1964 945 2065 1010 Β1.
2114 967 2176 1030 p.
2231 943 2359 1010 179
2410 945 2699 1022 »πένθεια

320 1071 452 1115 vox
492 1071 808 1135 nusquam
848 1051 1003 1116 alibi
1042 1073 1372 1117 occurrens
1413 1056 1503 1129 et,
1544 1054 1613 1115 ni
1652 1051 1862 1128 fallor,
1905 1050 2232 1136 analogiae
2270 1051 2700 1136 repugnans’'.

320 1155 545 1240 Neque
602 1159 739 1241 ipse
801 1159 1044 1243 reperio
1110 1178 1235 1242 qua
1295 1163 1478 1222 tuear
1540 1157 1835 1242 analogia
1897 1160 2115 1241 itaque
2161 1156 2363 1221 habeo
2410 1178 2525 1241 pro
2574 1177 2703 1221 cor-

320 1268 545 1346 rupta,
604 1265 660 1326 si
707 1267 907 1340 recte,
959 1266 1249 1347 sequitur
1296 1268 1370 1327 ut
1418 1283 1617 1329 vanae
1663 1265 1795 1325 sint
1840 1265 2237 1326 coniecturae
2284 1259 2661 1336 τηξικοὶρδιος
2682 1311 2698 1339 ,

323 1367 788 1452 πληξικοέρδιος,
866 1366 1262 1444 δηξικοὶρδιος.
1351 1367 1567 1432 Possis
1638 1368 1925 1438 πένθος
2008 1365 2698 1446 ταραξικάρδιον,

321 1473 469 1538 coll.
517 1475 714 1538 Arist.
764 1473 922 1538 Ach.
973 1472 1128 1539 296.

412 1655 646 1742 Agam.
674 1655 805 1719 464
845 1656 941 1726 τίς
966 1651 1094 1734 ηὗρ’
1123 1654 1273 1727 οἶκος
1287 1675 1302 1733 ;
1338 1677 1453 1741 pro
1478 1655 1625 1720 τίνει
1650 1652 1869 1734 χρέοςῖ
1906 1655 2150 1720 Mnem.
2177 1652 2419 1732 XXIII,
2452 1653 2579 1719 124
2605 1674 2697 1739 sq.

411 1822 645 1908 Agam.
697 1818 825 1885 551
877 1821 1094 1902 φρενός
1143 1818 1353 1900 <y'>?
1402 1819 1646 1885 Mnem.
1696 1819 1790 1884 1.1.

413 2003 646 2088 Agam.
701 2001 874 2067 1083
937 2002 1032 2065 ἀεὶ
1080 2002 1206 2080 γὰρ
1257 2001 1388 2084 ἡβᾷ
1438 2009 1564 2073 τοῖς
1611 2005 1771 2080 (νοῦς
1818 2001 2060 2086 Enger)
2108 2000 2381 2081 γέρουσιν
2431 1995 2515 2065 εὖ
2561 2026 2701 2077 μα-

311 2110 504 2172 θεῖν.
552 2107 650 2172 Β1.
701 2130 766 2194 p.
820 2106 947 2171 185
1000 2105 1160 2186 »Ωιι
1210 2103 1275 2172 εὖ
1320 2115 1578 2186 Φρονεῑν,
1630 2131 1745 2170 που
1794 2107 2032 2183 μαθεῖν,
2074 2105 2467 2183 μανθανειν”.
2518 2104 2698 2185 Quod

317 2213 558 2278 ultimo
619 2213 759 2298 loco
805 2217 1045 2290 tentat,
1094 2233 1214 2298 ego
1258 2215 1561 2298 proposui
1605 2212 1680 2278 Ε.
1706 2213 1783 2276 A.
1832 2235 1895 2297 p.
1949 2211 2100 2287 134,
2149 2213 2415 2297 probata
2461 2212 2701 2298 Engeri

315 2322 705 2385 coniectura.

412 2487 647 2573 Agam.
691 2485 817 2552 641
860 2486 1135 2572 Blay'des
1178 2484 1695 2569 ,,ε’ξαγισθέντας]
1736 2487 2215 2564 ἕκραπισθέντοις
2246 2485 2697 2550 Herwerden''.

309 2591 666 2658 Meliorem
710 2598 928 2678 postea
973 2595 1403 2657 coniecturam
1448 2591 1689 2677 protuli
1732 2592 1807 2656 Ε.
1836 2593 1911 2656 A.
1952 2615 2015 2678 p.
2064 2591 2189 2656 135
2234 2589 2698 2669 ἑξανυσθέντας,

310 2703 367 2765 i.
395 2720 452 2765 e.
504 2701 836 2785 confectos,
886 2697 1031 2765 coll.
1081 2697 1366 2765 Homero
1414 2708 1472 2763 A
1501 2696 1653 2776 363,
1704 2707 1755 2763 T
1784 2696 1937 2765 452.

415 2882 648 2967 Agam.
699 2878 830 2945 817
1731 2880 1813 2959 τῷ
1862 2879 1916 2943 δ’
1968 2879 2211 2960 ἐναντίῳ
2261 2879 2428 2944 κύτει

819 2986 1000 3058 ἐλπὶς
1049 2988 1290 3068 προσῄει
1340 2986 1623 3064 χειρὸς
1672 2987 1737 3049 οὐ
1788 2985 2177 3064 πληρουμένῳ.

307 3094 720 3162 Coniecturis
766 3092 912 3157 addi
957 3097 1206 3177 poterat
1250 3112 1396 3157 mea
1439 3091 1514 3155 Ε.
1541 3092 1619 3155 A.
1661 3112 1724 3176 p.
1757 3089 1884 3155 135
1926 3096 2173 3171 χῆρος
2213 3090 2432 3169 vidua,
2473 3092 2696 3156 inanis.

407 3274 641 3359 Agam.
685 3272 817 3338 819
863 3272 1140 3357 Blaydes
1181 3271 1635 3349 „Boo-varoficoe
1672 3276 1811 3350 (aut
1849 3273 2259 3351 συντήκουσα)
2305 3271 2494 3335 malit
2538 3258 2699 3337 Her-

299 3378 637 3445 werden'’.
707 3378 933 3442 Latuit
993 3399 1142 3442 eum
1195 3399 1300 3442 me
1348 3378 1423 3441 Ε.
1451 3379 1526 3442 A.
1578 3399 1640 3462 p.
1697 3375 1823 3440 135
1851 3398 1941 3461 sq.
1994 3376 2297 3463 vulgatae
2342 3380 2695 3462 script-urae

297 3486 765 3556 συνθνήσκουσα
810 3486 951 3548 iure
999 3504 1080 3548 an
1122 3485 1360 3547 iniuria
1409 3485 1759 3567 suscepisse
1804 3484 2250 3567 patrocinium.

403 3665 641 3749 Agam.
706 3660 836 3727 875
863 3684 954 3748 sq.
1029 3660 1427 3728 Coniecturis
1498 3662 1712 3728 allatis
1776 3684 1812 3728 a
1868 3663 1970 3728 Β1.
2034 3664 2193 3728 addo
2252 3685 2427 3730 meas
2487 3665 2587 3745 (Ε.
2614 3666 2691 3730 A.

294 3794 370 3856 p.
421 3765 582 3848 137)
629 3772 898 3842 ἀνῆπτον
944 3789 1060 3853 pro
1109 3767 1329 3831 ἄνωθεν
1371 3773 1436 3833 et
1477 3766 1658 3833 ἄλλοι
1706 3769 1757 3833 δ’
1798 3768 2024 3832 ἔλυσαν
2066 3791 2179 3854 pro
2219 3768 2445 3833 ἔλυσαν
2487 3768 2691 3835 ἄλλοι.

401 3954 639 4039 Agam.
670 3951 820 4018 933.
862 3951 1191 4017 Traditam
1217 3956 1600 4039 scripturam
1624 3953 1876 4019 defendi
1898 3953 2144 4019 Mnem.
2171 3954 2413 4033 XXIII,
2446 3954 2570 4020 199
2599 3977 2690 4042 sq.

398 4137 637 4222 Agam.
687 4133 817 4199 945
880 4132 1202 4213 πρόδουλον
1250 4133 1522 4212 ἔμβασιν
1571 4135 1773 4207 ποδός.
1821 4136 1896 4200 Ε.
1923 4137 2001 4200 A.
2049 4136 2140 4202 1.1.
2188 4141 2490 4222 proposui
2544 4139 2689 4217 πρὸς

290 4241 538 4319 ὀλβίαν
601 4240 780 4311 ποδὸς
842 4240 1032 4316 βάσιν
1089 4239 1308 4319 (βάσιν
1357 4238 1537 4313 ποδός
1555 4239 1606 4321 2)
1655 4242 2011 4326 praeferens
2060 4241 2284 4307 deinde
2332 4242 2693 4310 Schuetzia-

287 4369 456 4414 nam
519 4348 976 4411 ool-rectionem
1037 4346 1526 4425 δωματοφθορεῖν
1577 4355 1683 4426 (=
1709 4348 2096 4426 οἰκοφθορεῖν)
2158 4347 2540 4414 Franzianae
2610 4352 2690 4415 εἱ-

285 4455 738 4536 ματοφθορεῑν,
802 4456 896 4517 ita
953 4458 1180 4517 tamen
1234 4459 1308 4518 ut
1355 4454 1612 4541 virgula
1658 4456 1866 4539 posita
1899 4459 2044 4541 post
2083 4454 2150 4518 id
2196 4456 2465 4520 verbum
2513 4458 2687 4521 ποσὶν
