3351 5463
563 992 672 1079 IN
737 992 1388 1081 AESGHYLUM
1447 994 2305 1085 OBSERVATIONES

773 1158 1241 1247 VETERES
1307 1161 1650 1258 ATQUE
1708 1161 2087 1249 NOVAE.

1326 1392 1572 1433 SOBIPSI'I'

971 1572 1058 1636 H.
1108 1572 1282 1638 VAN
1326 1572 1905 1652 HERWERDEN.

1264 1862 1594 1897 -000—-

339 2107 709 2172 Fredericus
754 2107 839 2174 H.
884 2107 979 2172 M.
1029 2105 1307 2192 Blaydes
1353 2109 1475 2185 vir,
1526 2107 1694 2192 quod
1737 2112 1975 2173 norunt
2024 2130 2242 2174 omnes
2261 2157 2277 2187 ,
2326 2112 2394 2174 in
2434 2105 2626 2176 Grae-

253 2234 466 2277 corum
519 2215 696 2298 poesi
741 2213 1088 2278 dramatica
1133 2215 1609 2279 versatissimus
1656 2216 2045 2298 nuperrime.
2069 2213 2259 2280 Halis
2305 2213 2630 2281 Saxonum

250 2317 442 2383 edidit
507 2339 669 2403 quae
688 2367 705 2396 ‚
767 2324 846 2383 ut
888 2321 1025 2404 ipse
1074 2319 1328 2397 scribit,
1374 2319 1677 2405 plurimis
1720 2319 1947 2385 abhinc
1994 2323 2173 2386 annis
2220 2326 2519 2386 annotare
2566 2326 2631 2386 et

251 2423 544 2510 colligere
607 2426 814 2509 coepit
858 2426 1095 2509 partim
1143 2446 1260 2490 sua
1305 2428 1544 2510 partim
1589 2423 1887 2490 aliorum·
1910 2426 2013 2490 hic
2058 2425 2194 2490 illic
2241 2446 2456 2511 sparsa
2508 2428 2631 2489 Ad-

251 2530 520 2592 versaria
581 2529 648 2592 in
711 2531 1064 2614 Aeschylum.
1112 2531 1592 2617 „negligentius
1639 2551 1824 2616 saepe
1871 2537 1935 2595 et
1980 2551 2108 2594 non
2154 2530 2445 2596 consulto
2490 2533 2628 2615 ipso

249 2636 524 2700 auctoris
587 2639 771 2699 textu
789 2682 806 2713 ,
867 2641 944 2700 ut
1008 2657 1044 2700 a
1089 2634 1272 2702 libris
1319 2638 1483 2702 meis
1527 2635 1752 2720 procul
1798 2643 2070 2700 amotus.
2123 2674 2207 2684 —
2255 2635 2378 2704 Sed
2424 2657 2627 2722 quum

247 2746 491 2825 praeter
561 2740 688 2805 alia
749 2744 1006 2827 negotia
1065 2749 1426 2827 premerent
1487 2742 1745 2807 infirma
1806 2741 2109 2807 valetudo
2174 2748 2238 2806 et
2299 2746 2589 2806 senectus
2608 2790 2625 2818 ,

245 2848 491 2911 invitus
529 2850 784 2910 coactus
823 2867 970 2909 sum
1009 2842 1113 2912 e'as
1153 2847 1281 2911 fere
1321 2852 1397 2911 ut
1435 2850 1725 2931 primum
1748 2849 2019 2931 scriptae
2044 2852 2223 2911 erant
2244 2845 2624 2930 relinquere.

243 2950 488 3017 Multas
535 2954 926 3017 coniecturas
975 2972 1150 3017 meas
1189 2954 1258 3014 in
1295 2954 1376 3016 iis
1415 2955 1772 3037 propositas
1812 2952 1890 3015 ab
1931 2950 2074 3017 aliis
2112 2940 2349 3016 criticis
2386 2953 2629 3015 interea

245 3061 576 3141 occupatas
639 3077 774 3121 esse
837 3056 1162 3141 probabile
1210 3062 1340 3121 est:
1393 3057 1562 3143 quod
1608 3078 1836 3122 moneo
1883 3040 1962 3119 ne
2008 3058 2149 3140 quis
2195 3076 2301 3120 me
2346 3054 2625 3120 aliorum

243 3163 470 3225 scrinia
508 3160 889 3246 compilasse
916 3200 1000 3211 —-
1026 3166 1232 3246 putet.
1284 3200 1368 3210 —
1418 3162 1631 3242 Quum
1669 3165 1804 3227 iam
1844 3182 2040 3247 paene
2081 3167 2293 3227 totum
2317 3161 2625 3227 volumen

243 3268 416 3350 typis
479 3287 853 3351 expressum
909 3272 1105 3343 esset,
1170 3288 1405 3332 novam
1465 3274 1530 3331 et
1576 3266 2053 3351 diligentiorem
2098 3269 2299 3329 trium
2344 3264 2626 3331 Orestiae

241 3370 606 3437 fabularum
667 3375 1099 3437 recensionem
1163 3373 1366 3438 facere
1427 3374 1766 3451 constitui,
1830 3373 1925 3435 rei
1986 3372 2240 3435 criticae
2284 3374 2623 3457 praecipue

243 3479 478 3541 ratione
541 3476 827 3541 habita'’.
890 3476 1066 3541 Haec
1128 3478 1323 3543 verba
1370 3498 1404 3541 e
1455 3475 1856 3540 Praefatione
1902 3474 2081 3552 libri,
2131 3496 2323 3559 quem
2370 3495 2626 3541 venera-

243 3580 384 3645 bilis
431 3602 626 3645 senex
671 3602 797 3645 non
843 3582 1012 3645 infra
1059 3603 1124 3646 se
1165 3582 1392 3647 habuit
1430 3582 1595 3645 mihi
1633 3581 1920 3645 dedicare
1938 3628 1954 3657 ,
1995 3580 2382 3666 excerpenda
2419 3586 2617 3658 erant,

244 3690 316 3749 ut
371 3686 864 3771 intellegeretur
925 3708 1049 3771 quo
1103 3689 1479 3771 praesertim
1526 3686 1793 3751 consilio
1842 3688 2202 3770 scripserim
2248 3706 2408 3770 quae
2452 3707 2621 3751 nunc

241 3788 694 3876 Mnemosyncs
741 3790 1082 3859 lectoribus
1133 3796 1198 3855 et
1244 3812 1394 3877 prae
1439 3793 1664 3857 ceteris
1711 3792 1839 3875 ipsi
1885 3788 2221 3877 Blaydesio
2241 3838 2257 3867 ,
2304 3796 2380 3855 ut
2420 3790 2621 3855 simul

241 3896 297 3958 ei
339 3901 608 3982 gratum
653 3916 874 3963 meum
921 3900 1212 3962 animum
1259 3895 1619 3983 significem
1633 3944 1652 3974 ,
1704 3894 1912 3961 offero·

323 4102 658 4172 Prometh.
713 4106 841 4172 184
1792 4104 2172 4184 ἀκίχητα
2223 4105 2349 4185 γὰρ

602 4212 747 4288 ἤθεα
798 4212 901 4276 καὶ
951 4212 1097 4290 κέαρ
1147 4210 1552 4290 ἀπαράμυθον
1602 4210 1738 4289 ἔχει
1790 4209 2004 4288 Κρόνου
2052 4218 2225 4281 παῖς.

231 4316 371 4383 Non
407 4321 652 4383 iniuria
692 4317 966 4403 Blaydes
1006 4340 1069 4403 p.
1115 4318 1197 4383 12
1235 4318 1513 4382 haesisse
1551 4316 1813 4381 videtur
1849 4318 1917 4379 in
1955 4315 2269 4379 adiectivo
2311 4315 2618 4393 ἀκίχητα,

233 4428 595 4509 requirente
634 4426 950 4489 sententia
979 4423 1166 4509 quale
1189 4426 1487 4509 proponit
1528 4423 1570 4487 ὦ
1587 4448 1636 4501 μ.
1656 4422 1701 4486 αὶ
1719 4437 1758 4484 λ
1778 4445 1821 4485 oe
1840 4446 1875 4485 κ
1894 4446 1930 4485 τ
1949 4444 2013 4483 oe.
2053 4418 2333 4485 Facilius
2358 4418 2618 4505 quidem
