3351 5463
660 369 791 434 346
1664 388 1990 432 KEPMATA.

652 547 803 612 Noli
849 548 1099 612 credere
1148 549 1341 611 nimis
1388 545 1742 610 violentam
1789 549 2242 610 correctionem
2289 566 2458 611 esse:
2503 549 2787 612 scribunt
2832 547 3043 631 Hesy-

650 652 833 717 chius
894 658 959 716 et
1017 652 1289 716 Photius
1353 651 1620 729 ἐφόλκια
1687 652 1813 716 dici
1874 651 2126 730 μικρὰ
2191 651 2473 731 καράβια
2534 653 2751 735 itaque
2797 651 3039 715 dixeris

649 758 717 823 id
763 758 933 843 quod
977 759 1047 821 in
1092 761 1274 822 textu
1320 755 1677 841 explicandi
1715 758 1926 842 gratia
1965 759 2472 842 suprascriptum
2512 758 2738 821 fuisset
2755 803 2772 832 ‚
2813 756 3038 841 genui-

651 883 801 927 nam
852 883 1077 927 vocem
1121 861 1463 947 pepulisse.

740 966 856 1031 111.
924 966 1087 1031 Ibid.
1150 966 1201 1030 Ι.
1270 966 1329 1029 1.
1356 965 1442 1030 23
1514 968 1583 1030 in
1644 966 2054 1051 Hippocratis
2113 965 2351 1031 literis:
2427 965 2628 1046 Ἔρρει
2692 967 2778 1030 τα
2839 971 3037 1029 κᾶλα.

650 1070 955 1151 Μίνδαρος
1004 1071 1346 1135 άπεσσούα.
1395 1071 1677 1134 πεινῶντι
1725 1068 1994 1150 τῶνδρες.
2044 1069 2376 1153 άπορίομες
2422 1073 2487 1134 τί
2525 1075 2648 1151 χρὴ
2691 1071 2848 1149 δρῆν,
2889 1071 3042 1154 post

650 1177 981 1255 ἀπορίομες
1027 1175 1211 1260 plene
1255 1175 1847 1260 interpungendum
1894 1179 2026 1252 est,
2077 1177 2153 1240 cf.
2203 1175 2292 1239 VI
2339 1176 2400 1240 2.
2430 1177 2493 1240 2.

740 1280 848 1345 IV.
895 1279 1055 1345 Ibid.
1103 1281 1153 1344 Ι.
1209 1279 1267 1342 1.
1296 1279 1417 1344 28ε
1467 1279 1892 1357 μεμνημένους
1939 1277 2090 1351 ὅσας
2138 1281 2510 1359 ναυμαχίαις
2557 1280 2735 1345 αὐτοί
2780 1303 2851 1342 τε
2898 1278 3040 1340 καθ’

654 1387 876 1457 αὐτοὺς
938 1387 1294 1458 νενικήκατε
1355 1384 1458 1448 καὶ
1524 1390 1722 1456 ναῦς
1786 1384 2099 1464 εἰλήφατε
2159 1382 2274 1449 ὅσα
2325 1408 2396 1448 τε
2441 1385 2614 1462 μετὰ
2662 1391 2779 1449 τῶν
2827 1382 3042 1448 ἄλλων

565 1568 569 1572 ¹
652 1491 948 1564 άῆττητοι
997 1488 1338 1567 γεγόνατε,
1390 1489 1734 1573 supplebo:
1786 1486 1848 1568 (δ’
1859 1496 2034 1569 σας)
2083 1495 2252 1560 ναῦς.
2591 1503 2594 1508 “

741 1595 817 1659 V.
865 1595 1031 1660 Satis
1070 1593 1343 1658 difficilis
1380 1593 1558 1658 locus
1598 1599 1693 1658 est
1733 1594 1889 1658 ibid.
1932 1595 1983 1659 I.
2027 1595 2085 1660 1.
2113 1594 2222 1672 28,
2249 1595 2363 1660 ubi
2387 1596 2462 1660 de
2487 1595 3042 1681 Syracusanorum

654 1701 919 1764 ducibus
965 1698 1279 1785 legimus:
1328 1697 1380 1762 οἱ
1424 1698 1477 1762 δ’
1516 1703 1621 1763 οῦκ
1664 1697 1911 1777 ἔφασαν
1951 1698 2073 1764 δεῖν
2111 1700 2433 1780 ςασιάζειν
2471 1700 2618 1780 πρὸς
2656 1701 2765 1773 την
2804 1700 3042 1763 ἑαυτῶν

654 1804 865 1869 πόλιν·
932 1805 981 1868 εἰ
1044 1803 1107 1867 δέ
1171 1826 1266 1874 τις
1329 1803 1650 1875 ἐπικαλοίη
1715 1824 1774 1866 τι
1830 1805 2154 1882 αὐτοῖς,
2207 1803 2392 1881 λόγον
2443 1802 2766 1884 ἔφασαν
2812 1813 3043 1884 χρῆναι

652 1909 896 1974 διδόναι.
958 1905 1161 1973 Multi
1220 1909 1295 1972 de
1358 1910 1476 1972 hoc
1538 1907 1675 1972 loco
1743 1914 2014 1993 egerunt
2063 1930 2410 1993 eorumque
2459 1930 2616 1994 quos
2663 1929 3042 1994 cognoscere

651 2016 831 2099 potui
847 2061 863 2089 ,
926 2021 1287 2098 postremus
1346 2013 1788 2078 Hartmannus
1848 2014 1974 2077 fuit
2036 2015 2106 2076 in
2170 2013 2492 2078 Analectis
2554 2013 3041 2098 Xenophonteis

652 2141 713 2204 p.
766 2118 919 2194 282,
984 2118 1092 2182 sed
1153 2117 1439 2181 nondum
1487 2117 1652 2180 mihi
1699 2137 1796 2182 res
1845 2118 1924 2182 ad
1975 2117 2360 2182 umbilicum
2409 2119 2714 2203 perducta
2759 2118 3040 2183 videtur.

650 2223 950 2288 Primum
996 2223 1264 2290 concedo
1313 2220 1497 2298 λόγον
1546 2220 1769 2285 διδόναι
1817 2243 1986 2290 nunc
2036 2223 2295 2306 quidem
2345 2225 2694 2288 necessario
2740 2222 2808 2287 id
2845 2225 3046 2307 signi-

652 2327 835 2392 ficare
900 2327 1070 2412 quod
1130 2325 1447 2411 significat
1509 2324 1685 2389 Hell.
1735 2325 1809 2389 V.
1861 2327 1924 2389 2.
1951 2326 2074 2390 203
2145 2327 2417 2398 ἐδίδοσαν
2465 2329 2514 2391 οἱ
2562 2327 3040 2403 Λακεδαιμόνιοι

652 2441 781 2502 τοῖς
823 2432 1189 2510 συμμάχοις
1222 2430 1428 2507 λόγον,
1457 2431 1569 2494 ubi
1591 2429 1889 2513 Spartani
1913 2433 2096 2496 sociis
2121 2432 2364 2494 dicendi
2369 2433 2746 2516 facultatem
2751 2432 3037 2516 faciunt.

650 2536 775 2602 Sed
821 2554 1059 2621 magno
1106 2555 1290 2619 opere
1329 2534 1586 2600 offendit
1627 2534 1879 2614 ἔφασαν
1917 2542 2052 2599 tam
2093 2537 2273 2600 brevi
2311 2534 2653 2600 intervallo
2689 2539 2999 2602 iteratum
3018 2581 3036 2611 ‚

650 2663 765 2706 nec
826 2640 1202 2706 crediderim
1264 2640 1451 2715 λόγον
1514 2638 1732 2702 διδόναι
1782 2659 1854 2702 ea
1903 2639 2370 2724 significatione
2419 2661 2613 2724 quam
2661 2639 2830 2714 dixi,
2880 2640 3040 2702 satis

650 2752 819 2811 recte
878 2748 1176 2829 usurpari
1220 2765 1403 2827 posse
1447 2746 1572 2808 nisi
1622 2744 1840 2808 addito
1891 2744 2126 2807 dativo,
2189 2742 2468 2810 Conatus
2515 2765 2661 2807 sum
2707 2742 3038 2809 ostendere

545 2909 548 2912 .
649 2853 718 2914 in
778 2850 1003 2913 Mnem.
1071 2847 1243 2913 1893
1305 2870 1366 2930 p.
1420 2844 1457 2911 ’7
1520 2850 1589 2911 in
1653 2849 1933 2913 Anabasi
1981 2846 2030 2911 I.
2081 2848 2143 2911 8.
2173 2848 2214 2911 2
2278 2855 2420 2933 post
2472 2848 2684 2925 σφίσιν
2731 2840 3038 2913 excidisse

653 2952 939 3033 ἔφασαν,
991 2973 1105 3017 nec
1176 2951 1485 3015 dissimile
1549 2958 1645 3015 est
1710 2953 1878 3037 quod
1938 2973 2106 3016 nunc
2167 2952 2658 3017 commendabo:
2719 2954 2770 3017 εἰ
2823 2952 2886 3015 δέ
2937 2976 3035 3022 τις

651 3058 975 3131 ἐπικαλοίη
1036 3079 1131 3133 τι,
1202 3055 1504 3120 αὐτίκα
1574 3054 1758 3133 λόγον
1829 3057 2066 3134 σφίσι
2137 3064 2359 3135 χρῆναι
2424 3056 2665 3122 διδόναι.
2756 3056 3036 3141 Operosa

651 3161 1119 3227 Breitenbachii
1176 3162 1339 3225 ratio
1402 3181 1529 3224 non
1592 3166 1691 3225 est
1749 3154 1833 3223 'ad
1879 3181 2102 3225 meum
2148 3160 2438 3244 palatum
2459 3208 2476 3237 ,
2525 3182 2640 3225 nec
2683 3160 2848 3224 mihi
2895 3180 3037 3243 per-

648 3266 881 3331 suadeo
927 3269 1020 3330 ita
1068 3267 1391 3349 scripsisse
1434 3265 1927 3348 Xenophontem
1947 3313 1964 3341 ,
2012 3269 2089 3328 ut
2133 3286 2321 3330 nemo
2367 3266 2492 3329 nisi
2538 3264 2830 3350 perlectis
2867 3267 3035 3329 viro-

646 3391 798 3434 rum
855 3371 1189 3434 doctorum
1250 3371 1730 3451 commentariis
1784 3389 1934 3433 eum
1980 3368 2345 3454 intelligere
2389 3371 2612 3453 possit.
2663 3367 2848 3435 Certe
2894 3389 3034 3453 per-

646 3478 945 3560 spicuum
991 3475 1059 3538 id
1106 3480 1236 3550 est,
1289 3474 1454 3557 quod
1504 3473 1689 3559 dedi.
2303 3496 2310 3501 ·
2733 3466 2736 3469 ’

738 3578 845 3642 VI.
906 3578 1065 3642 Ibid.
1113 3578 1163 3640 Ι.
1219 3578 1277 3643 l.
1305 3577 1601 3659 3022314
1645 3578 1712 3642 δὲ
1756 3578 1824 3641 οἱ
1870 3579 2015 3657 πρὸς
2063 3577 2482 3656 Ἑρμοκράτην
2520 3581 3028 3657 προσομιλοῦντες

650 3682 952 3755 ἐπόθησαν
1012 3682 1121 3755 τὴν
1184 3681 1565 3759 ἐπιμέλειαν,
1631 3686 1946 3766 expuncto
2010 3682 2278 3747 articulo
2340 3682 2724 3768 legendum:
2791 3683 2914 3763 ἰδίᾳ
2963 3680 3030 3746 δὲ

648 3787 796 3867 πρὸς
848 3772 1285 3866 Ἑρμοκράτην.
1348 3787 1682 3851 Nimirum
1731 3788 2036 3859 ἐπόθησαν
2085 3786 2403 3871 significat
2446 3788 2722 3851 dicebam
2765 3809 2828 3855 se
2873 3786 3030 3849 desi-

648 3894 879 3955 derare.
2911 3974 2926 3985 ⁰

738 3995 877 4060 VII.
949 3994 1130 4073 Quod
1174 3994 1418 4081 leg-itur
1461 3996 1615 4061 ibid.
1664 3994 1714 4059 I.
1769 3995 1826 4061 1.
1856 3994 1975 4060 35:
2029 4002 2220 4059 πλοῖα
2271 3995 2483 4059 πάντα
2531 3996 2735 4071 σίτου,
2777 3994 3031 4079 supple-

646 4102 887 4165 verim:
942 4098 1256 4177 γέμοντα,
1308 4099 1848 4184 quemadmodum
1896 4107 1994 4164 est
2037 4100 2194 4165 ibid.
2243 4098 2319 4163 V.
2373 4100 2433 4161 1.
2461 4098 2570 4163 21.

737 4204 907 4268 VIII.
976 4203 1139 4268 Ibid.
1184 4202 1232 4267 I.
1284 4204 1346 4268 2.
1378 4204 1497 4267 10:
1550 4212 1673 4274 τοῖς
1721 4204 1786 4269 δὲ
1836 4204 2226 4283 Συρακοσίοις
2277 4203 2380 4268 καὶ
2434 4204 2836 4275 Σελινουσίοις
2885 4226 3030 4283 κρα-

647 4309 837 4391 τίςοις
900 4305 1247 4386 γενομένοις
1306 4310 1550 4388 άριςεῖα
1614 4305 1830 4371 ἔδοσαν
1895 4309 2000 4373 καὶ
2063 4318 2224 4388 κοινῇ
2289 4308 2391 4371 καὶ
2440 4309 2566 4387 ἰδία
2612 4315 2868 4377 πολλοῖς
2915 4306 3026 4373 καὶ

648 4416 898 4479 οἰκεῖν
962 4412 1361 4477 άτέλειαν
1427 4415 1509 4493 τῷ
1574 4413 1926 4495 βουλομένῳ
1989 4415 2123 4479 ozel·
2192 4412 2593 4489 Σελινουσίοις
2655 4413 2755 4489 δὲ,
2803 4411 2935 4476 ἐπεὶ
2991 4415 3028 4490 ἡ
