3351 5463
857 1026 1589 1117 CONIECTANEA
1651 1026 1792 1115 AD
1853 1026 2386 1117 AESOHYLI
2444 1026 3029 1143 ORESTEAM.

1815 1261 2062 1303 SCRIPSIT

1454 1446 1528 1510 L.
1576 1447 1654 1510 A.
1703 1446 1761 1511 J.
1809 1444 2423 1513 BURGERSDIJK.

1749 1766 2135 1803 ..ψοφῇ-

840 2038 932 2104 Ut
979 2059 1257 2122 aequum
1303 2039 1379 2102 de
1426 2038 1599 2103 hisce
1645 2040 2060 2101 coniectaneis
2105 2058 2141 2101 a
2190 2038 2388 2103 doctis
2425 2036 2773 2109 lectoribus
2811 2038 3129 2104 iudicium

672 2182 677 2187 ·
753 2146 904 2209 ferri
966 2146 1203 2227 possit,
1272 2145 1490 2228 paucis
1549 2142 1966 2207 indicandum
2013 2164 2147 2207 esse
2195 2164 2452 2221 cense0,
2501 2145 2654 2228 quid
2699 2145 2866 2209 mihi
2913 2166 3134 2229 propo-

752 2252 993 2315 suerim
1061 2270 1261 2332 quum
1323 2269 1396 2312 ea
1441 2248 1806 2312 scriberem.
1857 2248 1979 2327 Qui
2028 2269 2216 2313 sensu
2262 2252 2507 2334 poetico
2553 2271 2684 2313 11011
2731 2253 2996 2315 0111111110
3042 2256 3133 2315 est

753 2357 1101 2421 destitutus
1120 2403 1135 2431 ,
1200 2356 1260 2419 01
1324 2354 1403 2418 ad
1465 2356 1837 2419 interiorem
1900 2354 2207 2439 Aeschyli
2251 2340 2688 2441 cognitionem
2733 2377 2860 2419 non
2903 2356 3134 2421 melior

749 2463 1079 2544 tutiorque
1126 2464 1303 2543 patet
1346 2461 1486 2536 via,
1530 2479 1725 2544 quam
1762 2465 1838 2522 ut
1875 2465 2097 2544 poetae
2138 2461 2331 2524 verba
2368 2460 2710 2525 vernaculo
2748 2461 2975 2525 reddat
3015 2482 3134 2526 ser-

750 2586 938 2647 mon-e
1004 2585 1201 2648 eoque
1264 2566 1509 2649 poetico
1558 2569 1624 2627 et
1668 2566 1955 2629 metrico.
2008 2564 2215 2643 Quam
2264 2567 2438 2629 viam
2486 2587 2688 2649 quum
2731 2568 2870 2649 ipse
2919 2587 3134 2651 seque-

748 2693 870 2749 rer,
916 2672 1181 2735 initium
1229 2670 1352 2736 feci
1400 2690 1436 2734 a
1481 2670 1901 2747 PrometheO,
1953 2669 2332 2735 Weckleinii
2367 2671 2645 2737 editione
2684 2669 2916 2752 (1878)
2961 2692 3132 2750 usus,

748 2778 923 2842 haud
984 2783 1224 2840 temere
1244 2823 1257 2849 ,
1326 2775 1436 2840 sed
1494 2776 1933 2860 incipiendum
1986 2777 2151 2840 mihi
2199 2798 2333 2841 0000
2381 2778 2720 2842 videbatur
2765 2779 2842 2842 ab
2889 2799 2968 2844 00
3016 2784 3134 2843 tra-

748 2882 1010 2967 goedia,
1075 2883 1257 2945 cuius
1312 2902 1435 2944 non
1496 2882 1620 2943 nisi
1684 2880 1807 2945 duo
1870 2886 2082 2946 tresve
2126 2881 2248 2946 loci
2291 2885 2384 2972 ita
2432 2885 2716 2967 corrupti
2761 2889 3008 2960 essent,
3063 2890 3135 2946 ut

750 2988 1009 3052 omnino
1056 2984 1355 3070 intellegi
1400 3005 1528 3048 non
1574 2980 1864 3068 possent3
1917 2987 2156 3069 prodiit
2201 2990 2412 3052 versio
2454 3009 2597 3052 mea
2637 2990 2706 3050 in
2749 2987 2884 3064 „De
2928 2985 3130 3054 Gids'’

756 3091 953 3156 1880.
1021 3091 1179 3154 Post
1239 3089 1485 3174 aliquot
1546 3111 1742 3153 annos
1802 3094 2231 3156 amicissimus
2277 3091 2526 3156 Mehler
2573 3092 2916 3156 editionem
2971 3094 3136 3180 Aga-

751 3198 1112 3264 memnonis
1184 3195 1263 3260 ad
1331 3217 1437 3259 me
1506 3197 1720 3272 misit,
1795 3216 1830 3259 a
1892 3197 1973 3260 K.
2021 3197 2107 3261 H.
2169 3198 2350 3262 Keck
2412 3204 2736 3263 exaratam
2798 3198 3131 3285 (Leipzig,

752 3304 1043 3369 Teubner
1089 3299 1310 3380 1863),
1353 3300 1536 3365 molli
1576 3303 1759 3385 quasi
1805 3302 2070 3367 stimulo
2117 3325 2222 3368 1110
2269 3303 2677 3379 adhortatus,
2719 3309 2796 3367 ut
2832 3307 3135 3389 quamvis

747 3413 817 3472 in
878 3407 1107 3472 multis
1162 3406 1305 3470 aliis
1351 3409 1631 3492 negotiis
1678 3407 2036 3485 districtus,
2085 3411 2153 3471 in
2200 3409 2317 3472 hac
2364 3409 2692 3494 tragoedia
2741 3411 2907 3473 vires
2959 3431 3136 3474 meas

751 3534 1127 3578 exercerem.
1187 3512 1409 3596 Neque
1472 3515 1718 3576 invitus
1780 3515 2065 3578 suaviter
2126 3517 2413 3578 monenti
2471 3516 2909 3600 obtemperavi
2925 3536 2944 3591 3
3004 3516 3138 3601 legi

754 3640 944 3704 opus,
1007 3616 1209 3702 relegi
1272 3623 1335 3680 et
1381 3622 1709 3700 penetrare
1755 3619 1824 3680 in
1871 3623 2095 3702 poetae
2143 3640 2403 3683 sensum
2449 3623 2749 3704 gnaviter
2797 3620 3025 3685 studui
3074 3626 3135 3685 et

750 3722 1115 3788 meditando
1158 3729 1221 3786 et
1258 3725 1453 3786 variis
1490 3725 1557 3785 in
1598 3723 1916 3787 auxilium
1957 3727 2201 3789 vocatis
2240 3725 2648 3814 editionibus.
2693 3726 2908 3805 Quum
2932 3729 3137 3792 etiam

749 3831 909 3894 hanc
970 3828 1366 3913 tragoediam
1427 3828 1768 3893 vernacula
1826 3821 2080 3914 lingua'
2113 3830 2372 3896 reddere
2420 3851 2674 3895 mecum
2722 3825 3100 3897 statuissem
3118 3880 3135 3910 ,

750 3934 985 4000 Keckii
1072 3932 1346 3996 editione
1431 3936 1739 4016 tanquam
1825 3955 2048 3998 norma
2135 3937 2300 3999 mihi
2385 3937 2722 4002 videbatur
2790 3938 3135 4001 utendum.

750 4039 945 4104 Haud
1014 4039 1274 4123 quidem
1342 4059 1445 4102 me
1514 4038 1708 4103 latuit
1775 4061 1926 4104 eum
1988 4043 2240 4125 saepius
2301 4043 2496 4106 nimis
2561 4042 2858 4106 audacter
2904 4063 3138 4108 versus

751 4146 1247 4230 transposuisse,
1313 4144 1505 4209 verba
1550 4150 1834 4208 mutasse
1883 4145 1988 4210 vel
2034 4146 2384 4224 addidisse,
2432 4147 2690 4211 lacunas
2738 4145 3136 4231 explevisse,

749 4251 947 4313 nimis
1015 4251 1275 4334 ingenio
1343 4249 1684 4313 indulsisse
1737 4271 1849 4314 nec
1896 4241 2265 4325 Opoecdrn‘roc
2319 4253 2732 4329 abstinuisse,
2796 4253 2906 4318 sed
2952 4253 3140 4318 nolui

752 4355 1077 4421 eclecticos
1138 4361 1392 4418 secutus
1454 4377 1487 4419 e
1552 4354 1822 4418 diversis
1881 4356 2266 4421 editionibus
2317 4397 2400 4406 —
2449 4379 2602 4442 quas
2658 4357 2946 4443 singulas
2995 4381 3138 4424 cen-

748 4461 1019 4528 sendum
1082 4465 1177 4524 est
1240 4482 1272 4526 e
1336 4467 1595 4525 strenua
1652 4461 1970 4525 industria
2019 4462 2391 4547 profluxisse
2442 4501 2525 4511 —
2574 4485 2816 4528 novum
2873 4469 3137 4529 textum
