3351 5463
1264 401 1704 462 macnus.
2165 375 2172 381 ’
2537 381 2671 456 395

287 567 547 646 ξυλὶνοις
620 568 991 647 ἐγκειμένων
1064 571 1391 654 ἔλύτροις);
1482 572 1706 642 deinde
1781 593 1933 640 cum
2003 575 2072 638 in
2134 573 2360 640 ceteris
2419 591 2677 638 summa

286 680 545 742 tantum
606 677 966 761 attigisset,
1026 680 1237 744 nescio
1300 699 1415 743 cur
1461 678 1537 744 de
1583 678 1838 757 λύχνοις
1882 679 1998 748 has
2043 680 2356 746 minutias
2400 698 2676 745 comme-

282 785 655 849 moraturus
722 780 937 848 fuerit.
1008 782 1345 852 Praeterea
1406 803 1520 848 cur
1580 783 1806 848 eadem
1866 786 1936 848 in
1997 786 2280 852 oratione
2343 786 2480 850 sine
2495 801 2510 814 ·
2541 781 2676 848 ulla

284 905 477 954 causa
506 889 811 973 ,primum
854 887 1061 962 forma
1106 890 1367 973 passiva
1408 897 1824 966 περισπῶνται
1873 889 2098 956 deinde
2143 891 2372 956 activis
2409 887 2676 967 (ἄλλασ-

284 1014 454 1056 σουσι
473 1040 491 1070 ,
561 993 1132 1072 μεταμφιεννύουσι
1194 998 1373 1073 cett.)
1433 1014 1589 1060 usus
1652 991 1861 1060 esset?
1925 994 2193 1060 Accedit
2256 993 2460 1079 quod,
2523 1011 2674 1058 cum

284 1096 639 1164 secundum
682 1098 997 1164 Patonem
1044 1097 1336 1183 apodosis
1372 1119 1415 1164 a
1453 1105 1571 1164 τῶν
1610 1123 1682 1162 τε
1720 1099 1966 1180 λύχνων
2010 1101 2275 1186 incipiat
2289 1145 2308 1176 ,
2359 1095 2676 1184 particula

284 1225 375 1274 τε,
408 1203 581 1269 nuda
630 1204 765 1270 sine
822 1204 926 1266 καὶ
973 1204 1335 1288 insequenti
1366 1205 1618 1271 -vitiosa
1664 1209 1781 1268 est.
1834 1203 2040 1283 Quare
2063 1209 2203 1268 aut
2245 1203 2676 1288 interpunctio

286 1307 595 1374 mutanda
656 1313 792 1390 erat
849 1312 943 1376 ita
1002 1314 1080 1376 ut
1142 1310 1435 1396 apodosis
1498 1331 1536 1376 a
1599 1313 1747 1383 νηῶν
1805 1310 1858 1373 δ’
1907 1309 2128 1391 ἔκφερε
2173 1313 2514 1396 inciperet,
2561 1313 2676 1378 aut

285 1434 351 1480 τε
411 1413 777 1482 delendum.
840 1399 1296 1485 Verumtamen
1361 1415 1539 1482 locus
1601 1415 1970 1488 scribendus
2017 1421 2113 1482 est
2159 1422 2234 1485 ut
2279 1418 2350 1482 in
2377 1415 2675 1482 editione

284 1539 427 1586 mea
486 1520 733 1604 scripsi.
803 1518 945 1585 Hoc
1009 1525 1267 1602 tantum
1332 1521 1744 1602 observatum
1805 1522 1974 1590 volo.
2045 1522 2220 1588 Fort.
2283 1520 2670 1586 ἀλλάσσουσι

281 1622 602 1710 glossema
640 1623 723 1690 ad
758 1625 1335 1714 μεταμφιεννύουσι
1354 1632 1507 1705 est,
1544 1627 1726 1712 quod,
1751 1633 2095 1713 postquam
2134 1627 2418 1711 irrepsit,
2459 1624 2673 1696 πάντα

282 1727 567 1798 alterum
610 1729 858 1796 addidit
904 1728 1137 1816 aliquis
1160 1778 1177 1810 ‚
1223 1753 1305 1796 116
1349 1733 1922 1811 μεταμφιεννύουσι
1971 1733 2218 1800 obiecto
2264 1736 2527 1800 careret.

372 1833 663 1908 Ultimus
707 1834 885 1902 locus
932 1840 1027 1902 est
1072 1837 1179 1903 hic
1228 1838 1409 1904 α’λλα
1452 1837 1846 1916 σωφροσύνης
1893 1859 2009 1915 γε,
2058 1837 2174 1902 κᾶν
2216 1837 2396 1914 μόνος
2436 1837 2673 1916 ’δειπνῇ

284 1939 481 2006 δεῖται
550 1941 655 2005 καὶ
722 1940 1014 2020 εὐωχίαις.
1080 1940 1179 2008 Ita
1223 1944 1477 2028 scripsit
1522 1942 1730 2012 Paton
1776 1947 1840 2008 et
1887 1942 2216 2008 adnotavit
2262 1943 2453 2008 haec:
2508 1941 2674 2019 „Pro

287 2045 565 2124 εὐωχίας
640 2046 832 2112 habet
899 2045 958 2110 D
1029 2045 1431 2120 δικαιοσύνης.
1507 2046 1932 2115 scribendum
2002 2047 2110 2114 vel
2179 2049 2498 2127 εὐψυχίας
2566 2045 2674 2112 vel

291 2150 689 2228 εὐσεβείας”.
754 2150 921 2230 Quid
966 2153 1052 2216 sit
1099 2153 1537 2230 scribendum,
1585 2152 1813 2224 docent
1859 2153 1972 2223 alii
2013 2153 2138 2218 loci
2183 2152 2366 2218 velut
2410 2151 2672 2238 Fragm.

285 2256 501 2322 XXVI
550 2255 591 2321 3
635 2278 699 2341 p.
755 2253 883 2323 13¹7
932 2257 1029 2324 ed.
1078 2277 1279 2326 meae.
1329 2281 1393 2345 p.
1447 2256 1633 2326 ’7976
1691 2261 1724 2334 ἡ
1771 2262 1955 2341 ψυχὴ
2002 2283 2108 2324 και
2158 2257 2244 2324 τοὶ
2295 2265 2409 2332 τῆς
2457 2263 2674 2338 ψυχῆς

287 2361 495 2434 κάλλη
543 2360 1023 2436 δικαιοσύνη,
1065 2387 1203 2428 και
1234 2364 1733 2452 σωφροσύνη
1785 2363 1890 2430 καὶ
1933 2364 2240 2444 φρόνησις,
2265 2365 2674 2446 maximeque

283 2489 346 2552 p.
389 2467 581 2532 613b
630 2466 665 2542 ἣ
716 2465 871 2543 μηδὲ
915 2467 1303 2546 σωφροσύνην
1341 2468 1497 2544 μηδὲ
1538 2468 1916 2542 δικαιοσύνην
1957 2469 2218 2546 οιῶμεθα
2257 2469 2381 2532 δεῖν
2423 2469 2506 2540 εις
2533 2471 2675 2538 τοῦς

285 2570 512 2643 πότους
576 2571 889 2654 δέχεσθαι.
954 2572 1139 2638 Unde
1202 2579 1463 2700 apparet
1523 2574 1755 2640 codicis
1801 2574 1861 2638 D
1904 2573 2248 2640 lectionem
2295 2572 2674 2648 δικαιοσύνης

288 2682 477 2749 unice
524 2698 745 2747 veram
794 2699 947 2748 esse.
1217 2744 1225 2751 .

374 2784 501 2851 Sed
562 2786 775 2851 studio
822 2783 1335 2870 interpolationis
1380 2787 1830 2853 consectandae
1877 2787 2178 2873 abreptus
2225 2786 2433 2853 Paton
2481 2805 2675 2870 quan-

284 2897 505 2978 topere
577 2911 614 2956 a
674 2912 838 2958 vero·
888 2891 1277 2959 aberraverit
1294 2940 1311 2969 ,
1358 2891 1696 2979 -exemplo
1758 2895 1886 2959 sint
1945 2892 2072 2959 1661
2133 2898 2280 2984 tres.
2347 2915 2410 2977 p.
2475 2891 2610 2958 420
2629 2891 2670 2956 b

293 2997 471 3072 ἡμεῖς
537 2995 599 3059 δὲ
660 2997 770 3069 την
834 2997 1117 3073 ἀπειρίαν
1180 2998 1365 3071 μῦθον
1422 2993 1583 3063 εἷναί
1642 3005 1860 3077 φαμεν
1927 3000 1987 3063 ἐν
2052 2997 2305 3074 κόσμοις
2367 2997 2676 3068 τοσούτοις

295 3100 527 3178 μηδένα
585 3099 753 3181 λόγῳ
808 3100 939 3181 θείῳ
990 3101 1436 3180 κυβερνώμενον
1485 3096 1775 3183 ἔχουσαν,
1822 3105 2000 3169 ἀλλὰ
2046 3104 2294 3176 πάντας
2350 3104 2416 3166 ἐκ
2461 3103 2682 3167 ταύτο-

293 3206 499 3277 μοὶτου
564 3205 667 3269 καὶ
732 3205 1073 3283 γεγονότας
1123 3206 1229 3271 καὶ
1280 3209 1772 3286 συνισταμένους.
1819 3207 1920 3274 Ita
1961 3207 2138 3274 locus
2184 3209 2488 3275 edebatur
2535 3213 2680 3274 ante

290 3312 641 3389 Patonem,
705 3312 818 3395 qui
880 3314 1225 3396 postquam
1290 3314 1543 3398 scripsit
1607 3314 1739 3395 εἰκῇ
1801 3335 1918 3398 pro
1983 3315 2050 3378 ἐκ
2114 3312 2516 3388 ταύτομάτου
2574 3314 2679 3377 καὶ

293 3418 642 3496 γεγονότας
666 3464 683 3494 ,
744 3416 1075 3507 adnotavit
1134 3418 1323 3483 haec:
1392 3418 1565 3500 »εἰκῇ
1597 3421 1894 3507 scripsi:
1951 3419 2057 3483 καὶ
2108 3417 2277 3483 libri.
2351 3420 2518 3483 Ante
2563 3420 2684 3484 hoc

295 3544 517 3589 omnes
557 3525 836 3607 exceptis
874 3522 1060 3587 Barb.
1087 3520 1169 3586 V¹
1209 3523 1443 3587 habent
1478 3527 2128 3611 interpretamentum
2155 3524 2238 3586 ·ἕκ
2278 3524 2682 3600 ταύτομάτου

295 3654 403 3697 και
454 3626 868 3706 γεγονόταςἎ
914 3626 1099 3693 Nihil
1145 3647 1409 3706 verum;
1448 3628 1834 3715 interpolata
1875 3630 2074 3697 verba
2117 3634 2270 3695 sunt
2306 3651 2433 3694 non
2471 3628 2683 3715 magis

294 3754 492 3821 quam
538 3733 695 3811 alia,
739 3736 1094 3799 omiserunt
1140 3739 1359 3801 autem
1404 3736 1649 3801 codices
1696 3736 1881 3805 Barb.
1909 3734 1993 3800 V1
2033 3741 2292 3821 propter
2329 3736 2685 3825 homoeote-

294 3841 554 3906 leuton:
604 3839 941 3921 πάν[ΤΑΣ
991 3839 1059 3903 ἐκ
1106 3841 1509 3917 ταυτομοὶτου
1556 3842 1691 3907 καὶ
1703 3840 2168 3924 γεγονό]ΤΑΣ.
2217 3877 2303 3890 --
2351 3840 2445 3906 Ib.
2491 3839 2684 3925 paulo

294 3950 445 4031 post
489 3944 524 4008 f
558 3946 811 4029 scripsit
858 3945 1027 4009 huno
1074 3945 1144 4008 in
1188 3946 1459 4011 modum
1506 3948 1572 4011 τί
1616 3971 1746 4025 γαρ
1795 3947 2014 4011 κωλύει
2063 3951 2286 4025 Φωνεῒν
2332 3947 2536 4024 ‘xmps
2583 3952 2687 4024 φι-

301 4050 774 4131 λοσοφωτάτη;’
844 4070 995 4115 cum
1066 4057 1422 4135 oporteret:
1496 4055 1560 4118 τί
1630 4054 1758 4131 γὰρ
1828 4052 2047 4117 κωλύει
2119 4052 2323 4132 φωνην
2392 4049 2684 4127 δέξασθαι

301 4158 530 4232 σεμνὴν
571 4154 676 4219 καὶ
715 4157 1239 4235 φιλοσοφωτάτην
1254 4176 1273 4233 ;
1313 4157 1670 4223 Adnotavit
1707 4163 1926 4223 autem
1957 4158 2140 4223 haec:
2187 4162 2449 4236 »φωνεῖν
2478 4157 2682 4233 ’χαῖρε

303 4259 815 4340 φιλοσοφωτάτη’
880 4264 991 4338 (sc.
1044 4259 1192 4337 δόξα
1240 4259 1346 4326 vel
1392 4265 1603 4343 sim.):
1651 4266 1746 4327 ita
1792 4265 2015 4348 scripsi
2061 4264 2299 4340 (nescio
2348 4281 2428 4325 an
2473 4263 2685 4347 magis

300 4363 549 4451 placeat
609 4366 810 4445 φίλων
873 4364 1273 4446 σοφωτάτη);
1329 4369 1536 4448 φωνην
1598 4368 1701 4431 καὶ
1767 4365 2288 4447 φιλοσοφωτάτην
2350 4365 2432 4430 V¹
2494 4367 2682 4432 Barb.

300 4472 508 4552 φωνην
568 4469 873 4549 δέξασθαι
926 4473 1153 4548 σεμνὴν
1210 4471 1315 4537 καὶ
1362 4473 1887 4556 φιλοσοφωτάτην
1936 4474 2148 4538 ceteri.
2199 4470 2684 4558 Interpolatoris
