3351 5463
1220 393 1589 442 monzuns.
2516 373 2599 442 6¹7

219 554 474 620 videtur
521 556 641 620 hoc
687 559 1112 641 prooemium.
1153 557 1463 638 Rhetores
1502 558 1786 622 Lucretii
1824 560 2051 623 aetatis
2090 557 2397 623 docebant
2436 560 2607 643 prin·

220 663 381 745 cipio
451 662 773 726 auditores
843 668 1118 728 attentos
1136 712 1153 741 ,
1226 663 1489 741 dociles,
1556 662 1896 730 benevolos
1960 683 2093 728 esse
2164 663 2483 729 faciendos
2528 661 2601 742 ¹).

223 768 559 844 „Attentos
598 768 978 833 habebimus
1015 771 1072 833 si
1107 767 1554 854 pollicebimur
1589 791 1703 834 nos
1746 771 1821 835 de
1856 770 2044 834 rebus
2083 773 2357 856 magnis,
2399 771 2601 847 novis,

217 874 542 937 inusitatis
583 874 774 938 verba
819 873 1098 938 facturos
1139 873 1353 954 (Lucr.
1393 895 1487 940 vs.
1533 871 1829 954 54—57)
1875 923 1888 938 .
1918 923 1931 938 .
1962 922 1976 938 .
2020 881 2131 938 aut
2171 875 2247 940 de
2285 877 2399 952 iis,
2443 894 2606 960 quae

223 1025 238 1040 .
265 1025 278 1040 .
306 1025 320 1041 .
379 981 742 1063 pertineant
805 984 919 1043 aut
981 978 1058 1043 ad
1120 1001 1227 1044 eos
1283 982 1491 1064 ipsos,
1543 982 1657 1064 qui
1700 979 1962 1045 audient
2010 980 2223 1059 (Lucr.
2274 979 2362 1043 80
2407 999 2601 1065 seqq„

227 1081 346 1146 102
391 1091 614 1168 seqq.),
681 1092 793 1148 aut
855 1085 936 1148 ad
984 1084 1248 1149 deorum
1293 1085 1767 1149 immortalium
1815 1083 2199 1170 religionem
2250 1084 2461 1162 (Lucr.
2517 1083 2601 1148 62

221 1195 435 1274 seqq.),
477 1195 541 1254 et
581 1192 635 1254 si
673 1191 1044 1277 rogabimus
1063 1238 1079 1266 ,
1118 1195 1194 1255 ut
1235 1194 1474 1255 attente
1516 1190 1821 1255 audiant''
1853 1190 1927 1270 2),
1970 1190 2038 1254 id
2075 1189 2245 1276 quod
2270 1190 2605 1255 Lucretius

221 1295 364 1358 fecit
403 1302 548 1379 post
589 1295 849 1361 Veneris
886 1289 1386 1374 invocationem,
1429 1317 1624 1381 quam
1662 1301 1997 1381 poetarum
2038 1316 2213 1360 more
2252 1298 2604 1381 praemisit,

222 1419 311 1462 vs.
363 1398 655 1463 50—53.
2642 1383 2659 1393 ’

310 1503 604 1579 „Dociles
649 1504 969 1569 auditores
1015 1505 1245 1570 habere
1293 1509 1646 1598 poterimus
1668 1555 1684 1584 ,
1734 1509 1790 1571 si
1839 1513 2167 1571 summam
2204 1526 2430 1571 causae
2470 1507 2606 1570 bre-

221 1611 382 1672 viter
459 1609 892 1695 exponemus''
925 1608 974 1691 3)
1054 1632 1248 1696 quam
1321 1615 1784 1697 expositionem
1841 1611 2124 1698 legimus
2192 1614 2261 1675 in
2329 1613 2607 1676 carmine

221 1713 600 1780 Lucretiano
646 1737 774 1780 vss.
825 1714 1112 1793 54-61,
1173 1713 1546 1782 127—135.

312 1868 326 1884 .
355 1867 371 1884 .
404 1867 420 1884 .
475 1819 1041 1898 „Benevolentiam
1090 1823 1540 1888 contrahemus
1589 1869 1602 1884 .
1635 1870 1648 1885 .
1681 1872 1695 1887 .
1746 1826 1802 1887 si
1861 1871 1874 1887 .
1907 1871 1920 1886 .
1952 1870 1965 1886 .
2024 1821 2243 1909 quales
2296 1823 2610 1887 fuerimus
2726 1828 2763 1878 '-

229 1973 242 1989 .
271 1975 285 1992 .
315 1973 328 1987 .
391 1928 462 1988 in
528 1947 634 1990 eos
694 1929 901 2013 ipsos,
972 1928 1085 2011 qui
1145 1927 1414 1991 audiunt
1474 1928 1822 1992 referemus
1886 1934 2005 2008 (vs.
2083 1929 2208 1992 140
2258 1933 2458 2013 seqq.)
2523 1964 2607 1977 —

223 2029 384 2095 Item
426 2032 483 2094 si
521 2038 740 2096 nostra
779 2032 1184 2097 incommodo
1224 2025 1651 2118 proferemus,
1693 2032 2022 2119 inopiam’'
2057 2038 2206 2097 cett.
2235 2032 2308 2114 4),
2350 2032 2416 2096 id
2440 2031 2610 2118 quod

227 2135 564 2201 Lucretius
613 2138 767 2201 facit
810 2136 950 2202 loco
997 2158 1192 2223 quem
1239 2138 1505 2225 Brieger
1552 2137 1813 2203 seclusit
1858 2144 1978 2217 (vs.
2030 2137 2437 2219 136—145).

201 2229 210 2238 ’
315 2241 499 2321 Quod
563 2263 662 2306 ars
723 2243 1036 2307 rhetorica
1099 2245 1505 2328 praescripsit
1567 2243 1861 2308 videmus
1923 2245 2130 2328 igitur
2191 2250 2447 2327 poetam
2496 2264 2611 2307 suo

229 2347 415 2412 modo
467 2348 838 2432 perfecisse,
902 2348 1094 2433 idque
1141 2369 1214 2413 eo
1261 2348 1479 2413 ordine
1527 2348 1695 2433 quod
1742 2348 1820 2413 ad
1869 2369 2154 2414 summas
2203 2370 2300 2413 res
2348 2351 2609 2425 attinet,

230 2455 336 2537 qui
381 2451 500 2517 illa
546 2460 680 2518 arte
727 2453 1236 2532 commendatur;
1288 2476 1362 2520 ea
1398 2475 1548 2542 vero
1588 2475 1758 2539 quae.
1796 2453 2115 2520 discedere
2164 2456 2494 2520 existimes
2536 2474 2615 2518 ex

229 2565 442 2624 mente
491 2563 556 2623 et
601 2559 864 2624 consilio
910 2557 1136 2645 poetae
1183 2560 1365 2624 facile
1413 2558 1831 2644 explicantur.

506 2665 729 2742 „Hunc
775 2665 965 2746 ἐμέτων
1013 2674 1294 2729 terrorem
1339 2665 1529 2729 animi
1577 2666 1958 2751 tenebrasque
2005 2671 2291 2728 necessest

497 2793 616 2834 non
661 2771 829 2834 radzi
875 2758 1022 2834 solie
1066 2794 1252 2856 neque
1301 2772 1506 2835 lucida
1554 2772 1677 2835 tela
1724 2771 1851 2834 diei

501 2876 865 2953 discutiant,
915 2880 1023 2940 sed
1065 2884 1320 2941 naturae
1363 2877 1587 2958 species
1631 2877 1946 2961 ratioque’'
1998 2882 2118 2956 (ve.
2164 2875 2568 2954 146—148).

227 2982 419 3048 Hisce
491 2984 704 3047 verbis
771 2983 995 3048 deinde
1014 3032 1030 3061 ,
1105 3004 1264 3067 quae
1324 2984 1393 3046 in
1457 2985 1837 3047 memoriam
1901 2988 2198 3047 revocant
2262 2968 2615 3066 postremos

233 3109 458 3153 versus
521 3090 970 3172 propositionis
1017 3085 1432 3170 (132—135)
1480 3095 1544 3154 et
1587 3088 1941 3174 respiciunt
1988 3087 2067 3151 ad
2112 3106 2436 3150 summam
2480 3106 2620 3170 pro-

238 3196 431 3258 oemii
449 3242 467 3271 ,
540 3192 879 3257 Lucretius
925 3196 1157 3258 transit
1204 3193 1282 3258 ad
1332 3201 1791 3280 argumentum
1836 3193 1986 3257 libri
2032 3194 2245 3277 primi.
2298 3188 2622 3255 Susemihl

235 3321 381 3366 sane
447 3301 776 3364 existimat
837 3299 1187 3364 absurdum
1246 3321 1383 3364 esse
1427 3300 1622 3363 verba
1668 3321 1829 3384 quae
1878 3304 2028 3363 sunt
2073 3298 2231 3359 hunc
2272 3295 2464 3375 iqitur
2510 3302 2623 3357 ter-

235 3429 422 3470 rorem
486 3404 674 3468 am'mi
737 3412 860 3484 (vs.
917 3404 1070 3486 146)
1132 3407 1448 3490 pertinere
1508 3404 1587 3469 ad
1649 3406 1975 3489 superiora
2037 3400 2151 3466 illa
2210 3401 2369 3463 unde
2422 3399 2624 3462 anima

240 3518 414 3595 atque
473 3509 662 3573 animi
708 3515 931 3572 constet
975 3516 1197 3572 namra
1243 3510 1561 3572 videndum
1580 3557 1595 3586 ,
1661 3516 1718 3571 et
1763 3530 1913 3593 quae
1960 3530 2055 3570 res
2101 3506 2269 3570 nobis
2316 3503 2627 3586 viqilanti-

239 3616 340 3678 bue
381 3616 556 3679 obvia
604 3621 822 3678 mentes
872 3614 1157 3696 terrificet
1202 3619 1350 3679 cett.
1401 3620 1553 3692 (vss.
1609 3612 1733 3676 131
1765 3619 1985 3698 seqq.),
2036 3618 2101 3677 et
2147 3617 2317 3677 recte
2366 3610 2625 3696 quidem

242 3721 308 3784 id
353 3721 472 3786 ille
521 3720 866 3797 iudicaret,
933 3723 988 3784 si
1033 3720 1227 3785 verba
1272 3722 1425 3785 haec
1472 3740 1584 3804 per
1631 3740 1697 3784 se
1740 3718 2109 3805 legerentur
2157 3724 2218 3782 et
2266 3717 2344 3781 ab
2394 3737 2465 3780 eo
2515 3717 2626 3799 qui

241 3827 374 3891 iam
435 3825 680 3890 librum
744 3831 1046 3911 quartum
1110 3824 1374 3912 legisset
1391 3846 1406 3903 ;
1465 3825 1571 3889 sed
1616 3826 1773 3889 haec
1818 3824 2012 3888 verba
2036 3872 2049 3894 .
2100 3842 2491 3908 quamquam
2536 3822 2629 3883 in-

245 3930 458 3996 dicant
515 3931 699 3994 nobis
762 3930 1020 4014 quidem
1084 3940 1541 4016 argumentum
1600 3927 1755 3992 libri
1817 3930 2063 4013 quarti,
2130 3929 2191 3991 ei
2253 3932 2470 3990 tamen
2517 3925 2629 4008 qui

243 4038 648 4119 prooemium
707 4034 966 4122 legebat
1028 4036 1450 4120 respiciebant
1508 4039 1769 4098 tantum
1830 4032 1909 4098 ad
1972 4055 2066 4098 vs.
2123 4030 2251 4096 118
2314 4031 2629 4111 ‘lquor-atur

309 4324 363 4383 1)
397 4324 475 4372 Ad
515 4286 734 4372 Herenn.
771 4323 798 4371 Ι
835 4325 858 4384 ς
891 4323 935 4371 6.

309 4404 366 4469 2)
404 4404 477 4453 1.l.
513 4403 601 4466 57.
1533 4403 1586 4465 3)
1623 4401 1694 4450 1.1.
1728 4399 1813 4462 57.

309 4487 368 4549 4)
407 4486 480 4536 1.1.
515 4487 601 4547 58.
