3351 5463
1355 396 1746 449 insomne.
2613 378 2741 473 149

354 565 468 631 vel
530 565 807 631 sedecim
866 585 1089 630 versus
1152 586 1302 643 cum
1363 550 1534 630 foliis
1582 565 1835 634 amissis
1882 564 2165 647 periisse.
2207 562 2370 628 -Tres
2417 567 2633 628 tamen
2681 568 2745 629 et

353 674 602 736 iterum
663 692 831 734 unus
895 676 960 735 et
1024 671 1369 735 dimidium
1434 671 1672 736 horum
1732 689 2042 735 versuum
2081 674 2344 734 exstant
2389 672 2455 735 in
2505 671 2747 735 Aristo-

354 778 588 861 phanis
656 777 852 841 Ranis
872 824 887 853 ‚
961 776 1119 841 duos
1188 779 1471 841 servavit
1541 774 1896 840 Scholiasta
1965 774 2043 838 ad
2106 775 2372 840 Pindari
2432 776 2744 861 Pythica‚

355 882 516 946 duos
578 881 934 947 Scholiasta
997 883 1076 947 ad
1142 881 1471 967 Euripidis
1536 881 1842 945 Alcestin.
1888 881 1986 945 Ex
2032 882 2206 945 hisce
2254 881 2544 966 reliquiis
2593 885 2746 947 satis

355 987 518 1052 bene
565 986 865 1072 colligere
913 1007 1255 1070 possumus
1275 1036 1290 1064 ,
1343 986 1497 1071 quid
1537 987 1734 1050 fuerit
1772 988 1841 1049 in
1877 988 1958 1049 iis
1998 1006 2158 1069 quae
2197 988 2460 1070 periere.
2511 986 2750 1051 Pr'ocul

359 1091 557 1156 dubio
619 1090 871 1156 Orestes
932 1095 1133 1177 patris
1182 1094 1448 1157 umbrae
1496 1090 1775 1156 ostendit
1821 1112 1887 1155 se
1934 1090 2256 1176 Apollinis
2301 1095 2483 1156 iussu
2528 1095 2596 1156 in
2644 1113 2748 1177 pa-

358 1200 555 1261 triam
614 1198 875 1262 rediisse
937 1203 1013 1262 ut
1073 1201 1211 1283 ipse
1256 1199 1766 1283 Agamemnonis
1812 1202 2093 1262 mortem¹
2138 1196 2553 1262 ulcisceretur
2567 1218 2584 1274 ;
2623 1218 2747 1281 ,1166

356 1305 577 1366 minus
638 1309 887 1368 certum
950 1308 1047 1368 est
1107 1325 1259 1368 eum
1314 1306 1384 1367 in
1446 1303 1567 1368 fine
1630 1302 1871 1367 exordii
1931 1302 2078 1367 deos
2135 1304 2204 1365 in
2265 1302 2586 1369 auxilium
2643 1325 2748 1369 vo-

355 1428 549 1472 casse.
591 1407 896 1473 Thiersch
915 1458 930 1485 ‚
971 1414 1048 1473 ut
1085 1408 1419 1494 Appendix
1461 1408 1760 1473 editionis
1804 1406 2312 1473 Weckleinianae
2352 1430 2459 1474 me
2497 1409 2743 1486 docuit,

357 1532 433 1577 ea
494 1534 653 1597 quae
713 1513 943 1578 desunt
986 1513 1285 1599 supplere
1331 1521 1592 1579 conatus
1640 1518 1771 1596 est,
1821 1513 1930 1577 sed
1972 1514 2144 1578 iusto
2191 1513 2454 1599 longius
2501 1521 2564 1579 et
2609 1536 2749 1600 pro-

351 1618 553 1683 lixius
600 1625 695 1683 est
734 1620 1296 1705 supplementum;
1337 1622 1577 1705 viginti
1619 1619 1776 1683 duos
1817 1640 2040 1684 versus
2079 1623 2452 1705 conscripsit
2474 1670 2490 1699 ‚
2530 1627 2747 1686 tamen

353 1727 609 1802 omisit,
661 1726 829 1810 quod
876 1747 1065 1812 aegre
1114 1726 1397 1791 desidero
1418 1775 1433 1804 ,
1483 1725 1776 1791 Orestem
1823 1749 1950 1792 non
1999 1748 2113 1790 suo
2155 1726 2368 1792 Marte
2410 1727 2518 1792 sed
2559 1727 2750 1813 Apol-

350 1829 508 1894 linis
572 1832 754 1895 1116611
825 1834 1026 1916 patris
1098 1832 1422 1897 vindicem
1496 1832 1830 1897 advenisse
1846 1853 1862 1910 3
1929 1831 2241 1917 quaedam
2301 1832 2490 1897 laude
2553 1833 2750 1918 digna

350 1936 678 2014 videntur,
744 1936 872 2001 alia
932 1940 1148 2002 minus
1210 1938 1368 2002 bene
1431 1940 1812 2023 excogitata.
1870 1936 2045 2023 Ege,
2098 1959 2298 2022 quum
2346 1938 2749 2023 tragoediam

352 2042 589 2129 lingua
648 2043 991 2108 vernacula
1036 2044 1297 2108 reddere
1344 2044 1511 2108 mihi
1558 2045 2032 2129 proposuissem
2048 2091 2064 2121 ,
2112 2046 2398 2129 integras
2444 2044 2746 2109 lectiones

356 2148 797 2214 desiderabam
816 2198 831 2226 ,
904 2150 1172 2235 ideoque
1233 2152 1484 2214 tentavi
1549 2151 1704 2234 quid
1763 2152 1901 2233 ipse
1962 2170 2213 2233 possem
2275 2149 2355 2213 ad
2415 2170 2519 2215 eas
2583 2152 2747 2215 mihi

352 2256 825 2339 comparandas.
892 2254 1218 2338 Quaedam
1280 2276 1317 2319 a
1383 2254 1751 2320 Thierschio
1770 2302 1785 2331 ‚
1850 2254 2036 2340 plura
2085 2254 2188 2319 vel
2234 2259 2488 2340 proprio
2535 2255 2746 2320 Marte

350 2358 461 2424 vel
523 2381 673 2424 cum
729 2360 1102 2425 Thierschio
1152 2367 1216 2426 et
1262 2359 1658 2426 Weckleinio
1711 2397 1796 2409 —
1841 2382 1994 2424 nam
2041 2366 2106 2425 et
2151 2361 2255 2425 hic
2302 2361 2460 2426 duas
2505 2364 2746 2447 priores

346 2465 615 2531 lacunas
652 2468 872 2551 paucis
909 2467 1121 2531 verbis
1161 2466 1559 2551 6111161111-
1585 2487 1624 2529 a
1660 2465 1969 2550 Sophocle
1989 2514 2006 2541 ‚
2050 2466 2176 2532 duo
2203 2468 2422 2544 verba,
2460 2467 2620 2547 Φέρω
2646 2467 2742 2546 δέ,

349 2572 433 2635 611
472 2570 801 2635 Erfurdtio
840 2577 1210 2648 mutuatus,
1254 2572 1569 2655 quaedam
1594 2577 1659 2636 et
1682 2574 1818 2656 ipse
1843 2570 2080 2635 addens
2097 2620 2112 2648 ,
2140 2594 2382 2636 novum
2407 2574 2744 2637 exordium

348 2676 661 2742 dramatis
702 2679 1077 2762 conscripsi,
1122 2677 1290 2762 quod
1310 2725 1325 2754 ,
1371 2679 1667 2762 quamvis
1709 2697 1785 2740 ex
1825 2676 2108 2760 undique
2150 2675 2398 2743 collatis
2437 2679 2743 2744 membris

348 2785 817 2868 compositum,
884 2803 1112 2846 sanum
1176 2789 1241 2848 et
1288 2785 1470 2866 quasi
1520 2803 1646 2846 uno
1693 2788 1884 2866 partu
1931 2789 2160 2847 natum
2209 2804 2274 2848 66
2321 2785 2744 2869 probaturum

350 2910 491 2954 esse
552 2890 961 2953 vehementer
1020 2896 1190 2974 opto.
1241 2887 1475 2955 Sedulo
1523 2888 1744 2954 studui
1763 2938 1778 2965 ‚
1829 2894 1904 2953 ut
1953 2910 2026 2954 ea
2073 2889 2474 2956 solummodo
2525 2892 2744 2958 darem

350 3017 521 3080 quae
584 3016 732 3060 cum
797 2993 1105 3080 Aeschyli
1168 2997 1426 3079 ingenio
1482 2999 1547 3058 et
1594 3015 1743 3058 cum
1793 2992 2032 3058 Orestis
2079 2992 2437 3061 conditione
2481 3001 2742 3063 omnino

348 3103 785 3167 convenirent.
834 3100 1076 3164 Utrum
1123 3121 1157 3164 6
1196 3101 1633 3165 conaminibus
1669 3101 1834 3164 meis
1874 3099 2118 3183 aliquid
2157 3107 2374 3166 ortum
2412 3104 2531 3178 sit,
2573 3102 2742 3187 quod

345 3206 715 3293 Aeschylus
760 3209 900 3291 ipse
945 3228 1072 3271 non
1117 3227 1502 3291 magnopere
1548 3206 2026 3291 improbaturus
2068 3206 2295 3283 fuerit,
2336 3209 2494 3271 viris
2537 3207 2736 3273 doctis

342 3312 768 3378 iudicandum
818 3311 1130 3396 relinquo.

814 3419 1011 3497 Ἑρμῆ
1062 3417 1268 3500 χθόνιε
1317 3420 1550 3497 πατρῷ’
1602 3417 1952 3481 ἐποπτεύων
2002 3419 2193 3492 κράτη

810 3528 1004 3602 σωτὴρ
1054 3529 1234 3602 γενοῦ
1282 3549 1383 3600 μοι
1432 3522 1783 3604 ξύμμαχός
1833 3525 1893 3586 τ’
1944 3523 2311 3601 αἰτουμένῳ·

810 3628 927 3705 ἥκω
976 3631 1103 3708 γὰρ
1155 3631 1217 3701 ἐς
1266 3638 1384 3706 γῆν
1434 3629 1611 3700 τήνδε
1663 3629 1766 3691 καὶ
1820 3628 2211 3709 κατέρχομαι

810 3728 1187 3814 ’πολυφθόρον
1234 3734 1380 3813 πρὸς
1431 3734 1608 3812 δῶμα
1656 3731 2009 3799 Πελοπιδῶν
2057 3734 2229 3798 τόδε·

808 3841 1056 3918 τύμβου
1104 3842 1156 3905 δ’
1207 3843 1307 3906 ἐπ’
1354 3839 1512 3923 ὄχθῳ
1561 3841 1714 3920 τῷδε
1759 3841 2035 3918 κηρύσσω
2083 3843 2269 3922 πατρὶ

813 3947 1017 4012 κλύειν
1062 3948 1329 4011 ἀκοῦσαί
1374 3949 1431 4010 τ’
1481 3947 1732 4018 ἐντολὴν
1779 3942 1816 4026 ᾖ
1863 3946 2096 4023 Λοξίας

808 4059 1027 4133 σαφῶς
1075 4054 1147 4130 μ’
1198 4052 1371 4126 ἔθηκέ
1422 4076 1563 4130 σου,
1615 4051 1850 4130 πάτερ,
1904 4052 2212 4130 τιμάορον,

810 4158 1011 4236 λέγων
1058 4167 1279 4238 Φοναῖς
1328 4159 1515 4225 αὐτόν
1566 4185 1646 4232 με
1695 4158 1987 4222 τισοὶσθαι
2033 4157 2237 4235 Φόνον.

804 4265 967 4343 <nepe
1019 4265 1080 4329 δὲ
1129 4264 1455 4340 πλόκαμον
1506 4266 1730 4344 Ἰνάχῳ
1783 4264 2149 4342 θρεπτήριον,

806 4370 907 4434 τὸν
957 4369 1229 4450 δεύτερον
1278 4370 1341 4434 δὲ
1390 4371 1559 4434 τόνδε
1607 4370 1988 4448 πενθητήριον

808 4477 991 4558 ταφῳ
1040 4476 1297 4559 πατρῴῳ
1344 4476 1718 4554 τιμιώτατον
1767 4473 1955 4553 γάνος
1978 4496 1993 4513 ·
