3351 5463
571 429 575 434 ,
683 349 817 418 280
1319 314 1328 321 .
1625 368 2124 420 Aius‘rormns.

678 533 981 612 γίνονται.
1052 533 1121 600 Si
1188 537 1398 621 igitur
1457 539 1627 602 recte
1691 537 1929 602 conieci
1991 536 2096 600 καὶ
2163 535 2361 614 βδέω,
2428 557 2552 621 quo
2615 538 2812 604 verbo
2877 560 3064 625 saepe

678 647 892 707 noster
928 663 1083 707 usus
1130 647 1226 705 est
1245 690 1262 719 ,
1310 640 1590 728 agricola
1635 641 1896 707 flatibus
1916 691 1933 720 ,
1985 663 2141 727 quos
2188 664 2353 707 uvae
2401 645 2513 708 vix
2559 650 2852 710 maturae
2904 648 3068 711 exci-

677 754 888 813 tarant
905 797 921 825 ,
988 748 1355 813 admonitus
1376 796 1391 823 ,
1456 747 1783 813 Horarum
1844 750 2139 814 invocato
2200 747 2444 814 auxilio
2461 797 2478 828 ,
2534 771 2800 835 propere
2847 752 3069 838 thymi

678 854 1003 939 potionem
1070 853 1346 918 adhibet.
1396 852 1575 918 Talia
1621 855 1803 919 nobis
1851 854 2112 938 quidem
2156 875 2282 918 non
2327 853 2613 939 placent,
2662 857 2771 921 sed
2818 859 3065 922 mirum

680 967 996 1045 quantum
1069 959 1405 1046 placebant
1477 960 1894 1044 Aristophani
1916 1007 1931 1037 ,
2002 965 2115 1024 aut
2132 1007 2149 1036 ,
2213 961 2269 1024 si
2323 963 2531 1025 mavis
2550 1009 2567 1038 ‚
2624 964 2761 1027 eius
2829 968 3068 1048 specta-

678 1067 946 1130 toribus.

770 1267 877 1332 Vs.
932 1266 1126 1334 1170.

862 1370 1035 1457 κᾷτα
1086 1375 1389 1452 γίγνομαι
1439 1373 1661 1454 παχὺς

866 1484 1206 1555 τηνικαῦτα
1255 1485 1362 1544 τοῦ
1412 1479 1606 1561 θέρους

864 1590 1111 1661 μᾶλλον
1161 1587 1194 1660 ἢ
1248 1587 1460 1650 θεοῖσιν
1506 1585 1720 1666 ἐχθρὸν
1767 1584 2107 1666 ταξίαρχον
2157 1584 2563 1666 προσβλέπων

866 1699 1029 1770 τρεῖς
1077 1691 1307 1772 λόφους
1355 1690 1584 1771 ἔχοντα
1634 1693 1738 1757 καὶ
1791 1693 2074 1773 φοινικίδ’
2123 1690 2324 1768 ἅξείαν
2372 1693 2572 1770 πάνυ,

865 1794 932 1871 ἣν
982 1797 1208 1868 ἐκεῖνός
1258 1803 1446 1876 φησιν
1493 1794 1649 1862 εἶναι
1697 1797 1945 1875 βάμμα
1997 1794 2427 1877 Σαρδιανικόν·

862 1901 930 1972 ἣν
978 1900 1042 1966 δέ
1091 1926 1206 1967 που
1255 1903 1358 1982 δέῃ
1405 1903 1683 1982 μάχεσθ’
1734 1903 1964 1983 ἔχοντα
2015 1905 2124 1978 τὴν
2170 1887 2520 1984 φοινικίδα,

862 2010 1179 2081 τηνικαῦτ’
1244 2008 1434 2080 αὐτὸς
1492 2009 1834 2087 βέβαπται
1894 2008 2141 2085 βάμμα
2209 2006 2600 2090 Κυζικηνικὸν
2658 2006 3067 2089 (χεζικηνικὸν

864 2110 1032 2198 κᾷτα
1080 2114 1311 2192 φεύγει
1360 2117 1591 2191 πρῶτος
1638 2111 1837 2191 ὥσπερ
1879 2113 2084 2190 ξουθὸς
2132 2113 2604 2191 ἱππαλεκτρυὼν
2795 2111 3067 2192 Markl.)

862 2221 1005 2290 τοὺς
1052 2220 1286 2299 λόφους
1334 2219 1545 2282 σείων·
1600 2219 1722 2295 ἐγὼ
1771 2219 1823 2282 δ’
1873 2215 2108 2293 ἕστηκα
2155 2219 2792 2296 λινοπτώμενος.

681 2322 781 2389 Ita
818 2323 971 2389 libri
1010 2329 1229 2389 contra
1266 2331 1548 2389 metrum
1569 2372 1586 2401 ,
1629 2327 1679 2388 si
1724 2325 1983 2408 quidem
2025 2324 2184 2388 λίνον
2220 2324 2482 2390 brevem
2524 2324 2715 2389 habet
2756 2323 3062 2402 vocalem,

686 2450 878 2514 quare
918 2429 1193 2517 Blaydes
1233 2437 1377 2515 post
1416 2428 1652 2501 ἕστηκα
1694 2429 1993 2495 voculam
2031 2454 2144 2508 γε,
2186 2433 2298 2495 vix
2322 2430 2676 2515 quidquam
2697 2430 2804 2495 hic
2829 2430 3067 2516 signifi-

682 2541 967 2613 cantem,
1004 2520 1440 2614 inserendam]
1483 2536 1783 2601 Meineke
1822 2536 2317 2613 ληνοπτῶμενος,
2359 2536 2527 2620 quod
2564 2539 2651 2600 sit
2675 2537 3065 2600 torcularium

668 2642 912 2723 prelum
972 2642 1283 2704 observans
1301 2690 1316 2717 ,
1367 2643 1652 2706 coniecit.
1718 2640 2035 2725 Equidem
2081 2646 2146 2705 et
2191 2641 2269 2705 de
2314 2641 2495 2706 verbi
2540 2640 2750 2719 forma
2799 2640 3024 2706 dubito
3043 2689 3060 2720 ,

683 2750 833 2830 quia
880 2768 917 2811 a
960 2747 1253 2822 λινόπτης
1300 2746 1509 2813 11111110
1556 2746 1948 2833 probabilius
1996 2747 2267 2812 verbum
2311 2743 2700 2825 λινοπταζειν
2744 2748 3068 2813 descendit

680 2857 1255 2917 commemoratum
1318 2855 1398 2917 ab
1459 2853 1790 2939 Hesychio
1809 2900 1826 2929 ,
1891 2859 1956 2917 et
2013 2852 2210 2937 (quod
2253 2854 2522 2939 gravius
2571 2858 2695 2931 est)
2741 2874 2856 2918 nec
2904 2851 3066 2940 preli

678 2978 793 3023 nec
857 2961 1013 3023 retis
1058 2961 1372 3024 venatorii
1442 2959 1874 3027 observationi
1936 2958 2040 3023 hic
2084 2956 2302 3023 locum
2348 2978 2480 3023 esse
2527 2958 2824 3036 arbitror,
2875 2960 3027 3042 quia
3044 3004 3061 3035 ‚

678 3069 754 3128 111
798 3067 1185 3151 praegressis
1230 3065 1443 3129 verbis
1491 3063 1834 3143 ταξίαρχον
1882 3062 2289 3143 προσβλέπων
2332 3061 2570 3148 liquet,
2612 3065 2835 3148 agitur
2875 3063 2954 3129 de
2993 3084 3063 3128 eo

678 3171 848 3254 quod
909 3173 1046 3255 ipse
1108 3170 1388 3255 agricola
1440 3171 1567 3234 isto
1615 3168 1775 3233 duce
1821 3166 2107 3233 militans
2152 3170 2304 3233 facit
2317 3189 2335 3250 3
2388 3170 2683 3252 quocirca
2728 3170 2864 3232 iam
2909 3168 3065 3233 olim

674 3276 919 3341 incerta
980 3297 1127 3341 sane
1190 3279 1553 3341 coniectura
1616 3273 2070 3361 corrig-endum
2132 3295 2266 3339 8888
2322 3276 2679 3359 suspica-tus
2743 3294 2894 3339 sum
2941 3275 3062 3351 ἐγὼ

680 3379 729 3445 δ’
756 3377 1003 3455 ,ἕστηκα
1047 3380 1131 3453 δὴ
1173 3383 1375 3445 πνέω
1396 3404 1425 3443 ν
1464 3382 1655 3458 μένο
1675 3403 1725 3450 ς.
1766 3378 1866 3445 Ita
1905 3374 2072 3445 ce'rte
2113 3378 2378 3464 pulchra
2400 3381 2683 3443 nascitur
2705 3381 3062 3464 oppositio:

684 3486 867 3567 Fuqit
911 3492 1149 3551 terrore
1188 3486 1516 3571 perculsus
1558 3484 1838 3565 (ἔξιδίων)
1878 3484 2194 3570 gloriosus
2226 3484 2536 3570 lochagus
2555 3532 2570 3561 ,
2610 3491 2734 3547 stat
2771 3485 3064 3550 frendens

679 3591 1085 3676 fremensque
1128 3591 1315 3656 miles
1361 3594 1698 3678 gregarius
1715 3639 1732 3668 ,
1783 3590 2060 3675 simplex
2105 3590 2402 3675 agricola.

772 3806 880 3871 Vs.
934 3805 1127 3871 1211.
1178 3807 1242 3872 τί
1286 3805 1341 3869 δ’
1389 3804 1576 3885 ἔστιν,
1624 3802 1666 3869 ὦ
1715 3806 2126 3883 κακόδαιμονς
2175 3805 2244 3871 οὔ
2290 3829 2349 3869 τι
2398 3828 2514 3869 που
2562 3808 2808 3887 λοφᾷς;

678 3910 807 3976 Η18
868 3916 945 3974 111
1010 3914 1259 3996 saepius
1324 3913 1493 3997 apud
1554 3912 2048 3996 Aristophanem
2109 3910 2360 3976 librarii
2421 3911 2496 3975 de
2555 3914 2764 3975 metro
2823 3914 3067 3976 temere

683 4014 942 4081 solliciti
978 4016 1277 4082 voculam
1316 4017 1786 4083 adversativam
1824 4019 2144 4083 infarsisse
2187 4017 2507 4082 videntur.
2567 4015 2691 4080 Res
2738 4018 3068 4102 imprimis

680 4122 1018 4187 manifesta
1082 4129 1178 4187 est
1238 4121 1415 4187 Plut.
1470 4122 1664 4199 1106,
1716 4123 1829 4187 ubi
1878 4120 2144 4186 Carion:
2195 4121 2331 4187 εἰπέ
2377 4144 2514 4199 μοι,
2573 4120 2584 4206 Ι
2640 4122 2703 4185 τί
2751 4119 2809 4185 δ’
2863 4122 3063 4201 ἕστινς

678 4228 948 4293 Prorsus
1012 4231 1185 4299 enim
1243 4230 1461 4312 inepte
1520 4230 1613 4293 ibi
1679 4226 1936 4291 additur
1989 4226 2061 4289 δ’.
2127 4226 2444 4293 Similiter
2491 4246 2682 4310 supra
2728 4226 2880 4292 Pac.
2935 4227 3085 4305 921·

683 4331 911 4397 malim
958 4332 1023 4397 τί
1067 4331 1230 4397 ἄλλο
1278 4347 1420 4397 κτλ.
