3351 5463
694 362 825 427 144
1684 379 2086 430 insumus.-

1160 622 1167 629 .
1972 543 2120 626 ἤλίῳ
2166 545 2218 609 δ’
2267 544 2620 627 ἐπεύχομαι

1147 651 1290 731 πρὸς
1341 648 1609 716 ὕστατον
1655 658 1828 729 Φῶς,
1873 650 2012 725 τοὺς
2067 652 2248 728 ἐμοὺς
2297 649 2624 732 τιμαόρους

1144 758 1375 838 ἐχθροῖς
1426 758 1603 836 μόρον
1652 761 1941 837 φονεῦσιν
1990 756 2270 828 ἀσκεύοις
2320 765 2522 836 πορεῖν

1144 862 1361 935 δούλης
1411 864 1769 942 σφαγείσης
1822 864 2122 940 εὐμαροῦς
2172 859 2578 941 χειρώματος.

692 968 793 1033 Ad
830 967 1144 1033 librorum
1179 967 1520 1033 lectionem
1559 972 1881 1034 revertens
1921 970 2069 1047 ἡλίῳ
2111 970 2367 1053 scripsi,
2411 989 2614 1052 quum
2638 970 3077 1059 accusativum

691 1074 831 1145 τοὺς
892 1076 1070 1149 ἐμοὺς
1134 1075 1458 1151 τιμαόρους
1510 1074 1729 1140 dativo
1777 1072 2194 1158 praetulerim
2241 1077 2500 1159 propter
2544 1073 2786 1138 multos
2833 1073 3076 1138 dativos

690 1182 1117 1265 insequentes.
1189 1178 1259 1245 Si
1322 1182 1466 1263 quis
1530 1178 1708 1261 μόρον
1775 1184 1840 1245 et
1904 1186 2103 1257 πορεῖν
2152 1179 2330 1243 sedes
2377 1186 2776 1245 commutare
2821 1179 3076 1255 iubeat,

692 1306 821 1351 non
868 1286 1077 1363 obsto,
1141 1290 1532 1371 quamquam
1580 1284 1758 1363 μόρον
1804 1288 2215 1369 praemittere
2263 1285 2513 1349 malim.
2563 1285 2930 1352 Infinitivus
2978 1307 3080 1347 πο-

692 1400 836 1471 ρεῖν,
884 1392 1053 1477 apud
1098 1390 1459 1456 Homerum
1506 1412 1635 1456 non
1678 1392 1943 1471 obvius,
1987 1393 2303 1475 reperitur
2341 1390 2535 1477 Soph.
2577 1390 2730 1457 Oed.
2771 1391 2846 1455 R.
2880 1387 3076 1466 1255,

692 1498 807 1563 ubi
854 1497 929 1561 de
976 1495 1215 1582 Oedipo
1263 1497 1570 1561 refertur:
2379 1478 2400 1493 ²

1152 1607 1343 1685 Φοιτᾷ
1392 1603 1518 1681 γὰρ
1568 1604 1738 1677 ἧμὶἑς
1790 1601 1986 1683 ἔγχος
2038 1600 2297 1677 ἐξαιτῶν
2339 1610 2558 1680 πορεῖν.

790 1706 1071 1772 Verbum
1133 1715 1332 1788 πορεῖν
1379 1729 1505 1772 non
1554 1707 1631 1772 de
1681 1707 1864 1771 bonis
1913 1712 2168 1771 tantum
2186 1755 2201 1784 ,
2251 1728 2481 1772 verum
2527 1709 2724 1771 etiam
2771 1706 2848 1770 de
2893 1704 3082 1769 malis

698 1814 1028 1891 afferendis
1072 1817 1142 1877 in
1188 1835 1308 1879 usu
1360 1814 1589 1891 fuisse,
1640 1813 1822 1879 docet
1869 1812 2061 1899 Soph.
2111 1812 2214 1878 El.
2265 1813 2442 1877 219:
2959 1800 2966 1805 ¹

974 1914 1060 1990 οἷς
1113 1920 1239 1991 θεὸς
1290 1920 1317 1983 ὅ
1367 1918 1578 1997 μέγας
1629 1918 1982 1995 Ὀλύμπιος
2032 1921 2288 1995 ποίνιμα
2337 1917 2540 1983 natam
2591 1918 2791 1996 πόροι·

698 2024 1030 2089 invenitur
1093 2027 1289 2089 etiam
1352 2022 1525 2105 ἔπορε
1585 2025 1690 2090 vel
1753 2023 1916 2104 πόροι
1979 2024 2188 2101 κακοὶ,
2237 2032 2474 2103 μοῖραν,
2523 2025 2786 2098 σήματα
2837 2023 3090 2101 λυγροὶ,

698 2130 944 2207 πένθος,
993 2129 1425 2211 μαχλοσύνην,
1477 2129 1623 2195 alia.
1743 2155 1748 2159 ·

789 2234 973 2299 Hanc
1035 2238 1503 2313 coniecturam,
1567 2256 1728 2319 quae
1791 2235 2173 2301 vocabulum
2238 2235 2518 2305 ασκεύοις
2579 2256 2705 2325 non
2765 2234 3088 2321 negligit,

703 2343 999 2405 omittere
1068 2340 1283 2418 nolui,
1347 2347 1423 2405 ut
1468 2344 1536 2405 in
1582 2363 1649 2406 re
1697 2348 1834 2407 tam
1882 2331 2126 2407 difficili
2174 2344 2298 2406 viri
2345 2342 2514 2407 docti
2557 2340 2876 2406 iudicium
2923 2342 3088 2405 ferre

701 2454 766 2512 et
828 2446 1162 2513 meliorem
1214 2447 1557 2513 lectionem
1620 2446 1889 2533 seligere
1919 2452 2190 2534 queant.
2240 2448 2468 2513 Fateor
2508 2454 2757 2531 tamen,
2807 2450 3090 2532 priorem

702 2573 898 2637 quam
967 2557 1271 2639 proposui
1340 2553 1549 2618 multo
1620 2556 1830 2639 magis
1901 2556 2066 2618 mihi
2129 2554 2374 2639 placere
2393 2602 2410 2633 ,
2475 2559 2552 2618 ut
2595 2555 2726 2619 fere
2771 2554 3088 2619 affirmare

702 2661 912 2723 ausim
981 2680 1125 2724 eam
1184 2680 1403 2725 veram
1467 2680 1601 2724 esse
1661 2660 2168 2725 emendationem
2231 2667 2296 2725 et
2356 2660 2672 2746 Hesychii
2716 2658 3008 2745 glossam
3056 2679 3088 2721 e

698 2763 885 2848 lapsu
947 2768 1323 2841 memoriae,
1388 2767 1559 2830 hunc
1618 2764 1834 2830 locum
1895 2771 1960 2830 et
2017 2765 2212 2851 Soph.
2262 2765 2494 2831 Electr.
2543 2787 2636 2832 vs.
2691 2765 2775 2830 36
2825 2766 3091 2830 confun-

702 2868 908 2932 dentis
926 2917 943 2945 ‚
992 2868 1272 2933 fluxisse.

790 2973 1013 3038 Restat
1059 2981 1135 3038 ut
1180 2976 1522 3040 verborum
1561 2976 2081 3066 depravationem
2121 2977 2434 3063 explicare
2475 2997 2676 3043 coner.
2725 2975 3090 3062 Fingamus

698 3079 1095 3166 Aeschylum
1163 3101 1385 3146 revera
1446 3103 1519 3147 ea
1578 3086 1904 3167 scripsisse
1965 3105 2124 3169 quae
2187 3086 2488 3168 proposui
2549 3088 2614 3146 et
2652 3082 3089 3147 'scholiastam

699 3183 781 3250 ad
844 3184 1195 3251 Casandrae
1256 3173 1451 3252 verba
1514 3195 1762 3263 Φοναῖσι
1828 3199 2196 3259 κλεπτικαῒς
2255 3195 2620 3281 annotasse:
2671 3196 2835 3259 ταῖς·
2863 3189 3090 3265 ἐμαῖς,

700 3291 893 3373 φησι,
945 3291 1180 3368 ὁμοίαις
1202 3341 1217 3370 ,
1268 3299 1487 3378 postea
1534 3291 1908 3370 librarium,
1958 3293 2061 3358 vel
2098 3294 2496 3383 negligentia
2533 3292 2638 3358 vel
2678 3293 2888 3357 verbis
2929 3292 3094 3378 legi-

699 3399 881 3460 timis
944 3398 1268 3475 evanidis,
1331 3398 1615 3483 glossam
1677 3401 1746 3462 in
1808 3405 2063 3463 textum
2123 3402 2434 3484 recepisse
2495 3403 2558 3462 et
2607 3396 2845 3473 ὖμοίαις
2893 3399 3093 3462 metri

596 3515 603 3520 '
702 3524 892 3568 causa
957 3506 1027 3568 in
1096 3505 1246 3580 ὁμοῦ
1310 3509 1625 3583 mutasse,
1691 3510 1844 3568 tunc
1905 3510 2108 3581 certo,
2173 3505 2438 3588 reliquis
2500 3523 2694 3589 quam
2756 3502 3091 3568 levissime

706 3611 1007 3692 mutatis,
1072 3607 1263 3674 lectio
1283 3653 1322 3686 „
1365 3629 1559 3693 quam
1619 3629 1789 3673 nunc
1846 3609 2028 3674 libris
2089 3611 2391 3675 traditam
2436 3609 2745 3674 habemus
2763 3655 2780 3687 ,
2828 3608 3091 3693 prodire

703 3713 943 3779 debuit.
2482 3714 2488 3717 ’

793 3928 1027 4015 Agam.
1082 3925 1278 3996 1447.
1327 3927 1533 4009 (1448
1579 3925 1784 4012 Wkl.)

1160 4038 1329 4109 εὐνῆς
1380 4037 1812 4115 παροψώνημα
1860 4043 1968 4108 τῆς
2021 4037 2172 4112 ε’μῆς
2221 4038 2468 4115 χλιδῆς.

703 4139 1152 4228 Corruptelam
1223 4142 1439 4207 adesse
1505 4140 1807 4206 viderunt
1878 4162 2128 4220 omnes;
2206 4141 2404 4207 multi
2476 4144 2673 4207 variis
2733 4141 3090 4208 admodum

700 4249 908 4315 modis
975 4248 1361 4314 medicinam
1431 4246 1649 4312 afferre
1724 4249 1933 4311 conati
2005 4253 2154 4312 sunt
2170 4295 2187 4324 ,
2253 4253 2328 4312 ut
2389 4247 2724 4333 Appendix
2788 4247 3092 4312 editionis

702 4354 1214 4422 Weckleinianae
1277 4354 1495 4420 docere
1527 4358 1773 4439 potest.
1845 4351 2042 4417 Nulla
2086 4359 2299 4420 tamen
2348 4375 2383 4418 e
2429 4355 2811 4419 coniecturis
2855 4353 3093 4418 multis

700 4461 933 4551 placet.
996 4460 1088 4525 Ut
1147 4463 1269 4526 rite
1330 4459 1644 4525 iudicium
1691 4459 1968 4523 feramus
1986 4507 2003 4536 ,
2052 4480 2303 4526 necesse
2351 4465 2447 4524 est
2490 4465 2568 4525 ut
2615 4466 2831 4525 totum
2873 4460 3096 4525 locum
