3351 5463
1331 389 1692 438 vrrnuvws.
2569 371 2700 436 265

319 571 558 616 nomen
618 551 1009 617 adjectivum
1060 552 1508 629 „extremum”
1560 552 1639 617 ad
1688 557 2052 618 extremum
2101 552 2418 639 angulum
2441 551 2707 638 signifi-

324 657 619 722 candum.

413 762 557 829 Non
604 764 795 828 habet
842 785 945 828 eas
991 763 1147 828 duas
1196 763 1692 850 significationes
1732 785 1860 829 vox
1899 786 2147 830 cornus.
2198 763 2414 831 Cornu
2453 785 2707 850 semper

322 868 645 956 significat
704 872 988 955 spatium
1030 869 1216 935 lineis
1265 869 1510 934 duabus
1556 868 1914 948 inclusum,
1964 891 2292 956 nunquam
2344 875 2707 935 extremum

321 975 658 1062 angulum.
698 973 880 1040 Unde
922 979 1211 1060 sequitur
1247 983 1353 1053 ut,
1398 979 1452 1039 si
1488 975 1757 1040 indicari
1799 997 1958 1062 opus
1991 979 2074 1041 sit
2099 997 2295 1042 cornu
2319 983 2703 1054 extremum,

320 1082 368 1144 i.
396 1101 447 1144 e.
511 1103 738 1146 cornus
798 1081 1117 1168 angulum
1137 1130 1150 1156 ,
1200 1079 1593 1146 vocabulum
1643 1081 2096 1159 „extremum”
2148 1084 2367 1147 omitti
2413 1088 2705 1167 nequeat.

321 1186 566 1253 Revera
626 1187 965 1253 Vitruvius
1026 1194 1388 1252 extremum
1446 1187 1662 1252 locum
1725 1187 1994 1253 alicuius
2062 1190 2157 1252 rei
2219 1188 2524 1254 denotans
2545 1237 2560 1266 ,
2632 1193 2709 1252 ut

322 1291 572 1357 dicendi
610 1313 751 1358 mos
789 1299 925 1358 erat
963 1292 1134 1378 apud
1173 1314 1391 1358 omnes
1429 1281 1765 1378 scriptores
1806 1293 2036 1358 latinos
2054 1342 2072 1377 ,
2105 1297 2364 1359 nomine
2389 1294 2709 1359 ,adjectivo

322 1418 573 1483 semper
630 1419 787 1463 usus
850 1405 964 1463 est.
1018 1399 1329 1484 Legimus
1377 1399 1560 1464 verbi
1606 1419 1796 1464 causa
1840 1399 2004 1464 libro
2056 1397 2128 1475 V,
2183 1397 2244 1476 5,
2273 1399 2353 1464 2:
2405 1446 2465 1476 ‚,.
2499 1446 2514 1463 .
2543 1447 2557 1463 .
2609 1400 2711 1463 uti

320 1525 394 1568 ea
433 1503 623 1568 echea
661 1525 823 1589 quae
863 1525 1054 1589 supra
1090 1506 1326 1590 scripta
1364 1510 1513 1568 sunt
1555 1503 1635 1568 ad
1673 1511 1861 1569 neten
1901 1504 2371 1590 hyperbolaeon
2419 1507 2711 1570 sonantia

318 1612 390 1673 in
459 1608 635 1674 cellis
707 1595 1088 1694 quaesunt
1155 1613 1220 1675 in
1294 1612 1591 1675 cornibus
1660 1613 1966 1675 extremis
2034 1659 2049 1674 .
2078 1659 2093 1676 .
2123 1658 2137 1674 .
2169 1609 2229 1674 .''
2283 1648 2368 1660 —
2417 1610 2709 1696 Denique

323 1714 729 1779 scribendum
790 1720 886 1779 est
946 1721 1060 1780 aut
1125 1736 1397 1794 „cornus
1459 1715 1781 1801 angulus''
1848 1721 1962 1780 aut
2012 1737 2250 1794 „cornu
2299 1716 2706 1782 extremum''

324 1822 382 1884 si
428 1823 647 1906 agitur
692 1820 768 1884 de
815 1842 1042 1886 cornus
1089 1823 1438 1885 cacumine.

418 1926 506 1989 At
568 1925 905 1992 Vitruvius
965 1947 1170 2010 neque
1232 1928 1636 2012 praescripsit
1703 1927 1811 2004 ,‚in
1873 1925 2128 2012 angulis
2183 1927 2716 2014 hemicycliorum

340 2035 557 2094 centra
619 2032 997 2118 signantur-'³
1063 2053 1268 2116 neque
1331 2034 1439 2110 ‚,in
1487 2035 1792 2098 extremis
1837 2033 2130 2098 cornibus
2181 2081 2197 2096 .
2228 2081 2242 2097 .
2273 2081 2285 2097 .
2319 2033 2402 2111 .’',
2451 2032 2561 2098 sed
2611 2035 2719 2112 ,‚in

329 2137 625 2201 cornibus
673 2135 1043 2223 hemicyclii
1096 2187 1109 2203 .
1139 2184 1154 2199 .
1184 2184 1199 2200 .
1231 2136 1315 2201 .”.

314 2231 325 2238 ’
419 2241 596 2328 Ergo
648 2245 759 2320 „in
805 2242 1146 2308 cornibus''
1198 2242 1552 2329 significat:
1602 2245 1774 2308 intra
1817 2265 2068 2310 cornua.
2105 2229 2112 2236 ¹

421 2347 596 2412 Haec
652 2347 777 2413 loci
840 2351 1283 2434 interpretatio
1349 2352 1607 2415 omnino
1671 2351 1942 2435 quadrat
1992 2371 2142 2415 cum
2189 2349 2546 2435 Dorpfeldii
2590 2350 2718 2415 diae

318 2460 694 2538 grammate
746 2454 912 2538 quod
965 2457 1280 2539 reperitur
1323 2457 1391 2519 in
1437 2454 1601 2520 libro
1649 2458 1755 2521 0111
1795 2455 2028 2521 titulus
2067 2462 2196 2520 est:
2239 2455 2564 2533 Πρακτικὰ
2603 2463 2716 2530 τῆς

330 2558 390 2620 ἑν
458 2558 746 2631 'Aonian
831 2561 1323 2639 σξρχαιολογικῆς
1393 2561 1748 2645 Qvantae,
1827 2560 2037 2638 1883;
2126 2562 2442 2634 Ἀθήνησιν
2519 2560 2714 2627 1884.

331 2659 709 2742 Conferatur
756 2670 820 2729 et
860 2687 1019 2751 opus
1061 2664 1229 2752 quod
1267 2665 1727 2752 publicandum
1770 2669 1990 2733 curavi
2031 2688 2193 2733 anno
2240 2666 2433 2747 1894,
2474 2667 2719 2733 Ε111(108

329 2768 518 2833 (1Ἀ11
563 2791 716 2855 grec
733 2818 749 2847 ‚
796 2771 910 2835 ubi
956 2770 1310 2855 Dorpfeldii
1360 2772 1761 2858 diagramma
1808 2779 1873 2838 et
1919 2776 2117 2839 totius
2164 2773 2289 2839 loci
2335 2773 2721 2839 emendatio-

329 2896 479 2940 nem
532 2874 819 2941 Vitruvii
864 2876 940 2954 V,
991 2876 1053 2954 8,
1088 2878 1117 2940 1
1147 2880 1375 2963 recepi.
1717 2863 1722 2868 ⁴

703 3264 1083 3312 rnMPrArun
1132 3264 1480 3313 oonrmmus
1526 3265 1728 3314 1111108
1773 3266 1842 3314 m
1887 3266 2113 3314 Ar'rlco
2168 3249 2271 3327 10,
2299 3247 2362 3312 4.

430 3415 801 3494 (Antonius)
848 3437 922 3478 nc
966 3415 1125 3498 quod
1148 3413 1487 3495 periculum
1526 3415 1852 3493 incideret,
1895 3416 2054 3499 quod
2088 3421 2264 3478 noctu
2285 3414 2480 3496 fiebat
2496 3463 2512 3492 ,
2541 3436 2724 3496 prae-

335 3505 559 3569 sidinm
603 3504 659 3568 ei
705 3504 889 3567 misit.
938 3503 1133 3568 Recte
1182 3503 1470 3588 plerique
1517 3504 1792 3570 editores
1833 3509 2212 3591 spreverunt
2250 3504 2547 3570 Lambini
2585 3525 2724 3569 con-

334 3597 652 3660 iecturam
694 3596 1060 3659 scribentis:
1102 3616 1175 3657 ne
1213 3596 1371 3679 quod
1398 3594 1467 3656 in
1483 3596 1824 3675 pericnlum
1846 3596 2158 3659 incideret.
2202 3594 2369 3659 Nam
2381 3596 2723 3676 pericnlum,

338 3684 562 3749 incidit
608 3706 721 3769 pro
768 3685 999 3749 accidit
1045 3705 1169 3748 non
1210 3687 1427 3747 minus
1468 3690 1635 3749 recte
1675 3685 1930 3763 dicitur,
1973 3706 2168 3770 quam
2210 3698 2382 3750 casus
2423 3684 2722 3769 (Plancus

338 3777 408 3839 in
471 3774 675 3860 Epist.
743 3772 873 3840 Cic.
936 3773 1014 3839 ad
1076 3773 1255 3837 Fam.
1304 3773 1369 3836 X
1418 3773 1526 3851 21,
1556 3773 1595 3838 6
1657 3776 1714 3837 εἰ
1775 3798 1946 3839 casus
1993 3775 2305 3852 inciderit)
2353 3779 2416 3840 et
2464 3781 2724 3857 tempora

341 3864 590 3945 (Cicero
655 3863 731 3929 de
793 3863 909 3929 Off.
958 3864 1009 3928 Ι.
1062 3862 1143 3927 31
1210 3863 1488 3927 incidunt
1548 3886 1726 3946 saepe
1787 3872 2092 3947 tempora).
2161 3864 2284 3929 Sed
2343 3866 2502 3949 qnod
2546 3872 2724 3929 noctu

324 3956 522 4039 fiebat
565 3976 690 4019 non
735 3960 945 4041 potest
992 3953 1071 4019 ad
1103 3953 1445 4035 periculum
1491 3953 1735 4018 referri.
1781 3954 1935 4020 Post
1980 3955 2273 4019 incideret
2318 3955 2577 4019 videtur
2622 3977 2727 4021 ex-

343 4045 570 4111 cidisse
616 4044 683 4107 in
730 4044 966 4109 itinere.
1015 4043 1378 4128 Aliquoties
1414 4065 1620 4108 unum
1658 4044 1765 4109 vel
1800 4044 1987 4130 plura
2025 4044 2338 4110 vocabula
2373 4065 2410 4108 a
2445 4044 2725 4111 librariis

342 4138 580 4202 omissa
620 4154 754 4199 esse
796 4140 1057 4220 apparet
1098 4155 1131 4198 e
1172 4132 1337 4200 Oim.
1376 4132 1437 4211 3,
1468 4134 1528 4197 3.
1571 4134 1724 4221 Lys.
1758 4134 1816 4212 1,
1845 4135 1907 4200 2.
1949 4135 2182 4221 Iphicr.
2216 4135 2272 4213 1,
2301 4133 2364 4199 4.
2405 4135 2542 4200 Α11.
2571 4134 2632 4213 8,
2662 4134 2724 4199 5.

343 4226 543 4291 Α11101
591 4223 929 4310 prudentia
965 4228 1034 4288 in
1074 4245 1147 4288 eo
1187 4226 1487 4301 cernitur,
1530 4225 1700 4309 quod
1737 4225 1804 4287 in
1844 4248 2060 4289 summo
2103 4233 2327 4289 terrore
2367 4231 2561 4290 noctu
2602 4229 2726 4292 iter

341 4317 648 4393 faciebat,
698 4336 777 4379 ne
824 4316 902 4380 ab
950 4315 1247 4380 adversae
1294 4314 1590 4379 factionis
1634 4315 2000 4381 hominibus
2047 4321 2515 4405 agnosceretur.

2201 4420 2254 4487 I.
2306 4418 2377 4488 Ο.
2428 4418 2508 4489 G.
2557 4421 2631 4486 B.

2365 4585 2430 4635 18
