3351 5463
619 370 706 438 20
1321 405 1326 412 ·
1696 381 1927 435 LIVIUS.

618 557 953 621 Buettneri
1009 554 1340 619 scribentis
1406 575 1499 615 aa
1518 559 1586 616 te
1630 574 1789 615 omn
1807 574 1880 615 es
1898 600 1913 629 ‚
1966 571 2125 636 quae
2174 553 2452 635 speciem
2499 547 2758 635 quidem
2803 549 3029 622 habet,

618 682 655 726 a
699 662 942 726 ratione
988 658 1516 744 palaeographica
1535 704 1551 733 ,
1613 658 1721 721 sed
1768 659 1967 721 otioso
2015 663 2079 721 et
2123 659 2341 741 inepto
2388 657 2818 721 additamento
2866 677 3005 720 sen-

619 770 889 832 tentiam
928 765 1251 850 degravat.
1292 763 1434 849 Ego
1475 786 1666 826 omnes
1705 783 1955 848 quoque
1993 762 2442 847 expellendum
2480 756 2701 828 censeo
2722 810 2738 839 ,
2779 782 3005 848 quam-

619 893 813 957 quam
896 870 1064 934 unde
1145 872 1502 954 irrepserit,
1577 849 1703 932 non
1772 870 2106 953 perspicio.
2196 865 2427 933 Confer
2496 872 2714 932 tamen
2784 866 3002 931 simile

617 976 936 1042 emblema
994 978 1063 1038 in
1124 975 1389 1040 Luchsii
1450 974 1926 1059 prolegomenis
1984 996 2046 1058 p.
2094 992 2251 1050 Lim,
2303 971 2409 1038 29.
2442 973 2545 1038 10.
2576 973 2614 1038 6
2656 973 3005 1056 sacrificau-

617 1083 774 1146 tibus
819 1082 973 1164 ipsis
1020 1081 1240 1164 Pythio
1285 1080 1566 1161 Apolbiui
1614 1080 1958 1159 <omuia>
1992 1080 2169 1170 ‘laeta
2217 1086 2355 1143 eata
2381 1079 2615 1163 fuisse.

708 1304 760 1347 c.
813 1282 918 1348 31.
949 1281 1009 1348 6.
1083 1283 1359 1347 Commoti
1409 1291 1622 1366 pato-es
1686 1283 1790 1346 via·
1832 1283 2236 1368 sorbuuarum
2298 1284 2685 1344 humanarum
2705 1329 2721 1358 ,
2784 1281 2841 1344 si
2886 1281 3003 1344 ille

607 1395 972 1471 praepotens
1022 1389 1229 1469 opibus
1261 1388 1530 1470 popubus
1577 1385 2018 1471 (Campanus),
2060 1387 2308 1449 baa-uria
2346 1387 2738 1470 superbiaque
2774 1386 2997 1462 clarus,

618 1517 657 1555 a
699 1515 812 1577 quo
848 1494 1042 1575 paulo
1079 1499 1221 1556 aute
1259 1493 1555 1556 auxilium
1576 1492 1843 1575 finitimi
1869 1492 2199 1573 petissent,
2244 1493 2390 1556 adeo
2431 1493 2733 1576 infractos
2768 1497 3002 1572 yereret

618 1598 845 1660 auimo-5
863 1644 879 1673 ,
943 1604 1011 1660 ui
1069 1620 1132 1660 se
1177 1597 1308 1678 ipse
1349 1619 1573 1682 suaque
1618 1599 1815 1660 omnia
1848 1596 2174 1679 potestatis
2224 1596 2461 1658 abieuae
2493 1597 2762 1680 faceret.
2819 1596 2874 1658 Τ
2880 1620 2921 1658 u
2942 1617 3000 1658 m

617 1702 771 1764 iam
821 1702 1065 1787 fides
1135 1702 1266 1781 aqi
1334 1702 1510 1764 visa
1579 1702 1901 1765 deditos
1969 1723 2116 1764 uou
2168 1700 2466 1783 prodi;
2530 1703 2993 1787 neefacturum

617 1829 808 1891 aequa
853 1806 1204 1870 Samnitium
1234 1808 1531 1888 populum
1578 1807 1889 1870 censebant
1906 1854 1922 1883 ‚
1970 1806 2027 1868 si
2074 1827 2127 1870 e.
2157 1827 2215 1889 q.
2243 1827 2294 1869 e.

706 1911 913 1976 Verba
973 1914 1266 1997 spatiosis
1325 1912 1558 1977 litteris
1621 1932 1917 1996 expressa
1980 1910 2337 1975 Muellerus
2399 1914 2493 1976 ita
2538 1913 2996 1995 interpretatus

616 2022 746 2095 est,
812 2021 994 2102 quasi
1058 2019 1224 2082 absit
1285 2040 1348 2083 v.
1399 2018 1534 2098 aqi:
1603 2016 1800 2094 „fides
1856 2019 1997 2081 visa
2058 2021 2189 2092 est,
2254 2015 2358 2080 vel
2404 2015 2553 2080 fidei
2599 2037 2733 2081 esse
2778 2019 2997 2081 visum

617 2129 746 2199 est,
813 2122 1056 2187 deditos
1119 2143 1245 2186 non
1307 2121 1558 2206 prodi'’.
1622 2122 1928 2186 Attamen
1974 2119 2076 2200 aqi
2124 2123 2215 2185 sic
2262 2127 2503 2186 temere
2551 2121 2704 2186 elidi
2750 2123 2995 2206 nequit.

615 2227 908 2292 Fortasse
971 2227 1282 2311 quaedam
1327 2226 1789 2290 interciderunt
1834 2227 2210 2310 scripsitque
2258 2226 2484 2291 Livius
2532 2233 2653 2289 tum
2696 2227 2741 2290 i.
2750 2228 2825 2313 f
2852 2250 2910 2292 a.
2936 2248 2995 2290 v.

614 2332 1092 2420 placuitque
1129 2334 1212 2396 d.
1259 2355 1318 2397 u.
1355 2355 1460 2413 pr.
1528 2331 1650 2396 Sed
1717 2333 1933 2416 potius
1996 2331 2371 2395 crediderim
2419 2333 2761 2396 sententiae
2806 2334 2999 2395 inter-

614 2439 986 2524 pungendas
1025 2445 1089 2501 et
1127 2438 1578 2503 construendas
1616 2458 1751 2501 esse
1792 2458 1940 2502 cum
1976 2436 2107 2504 levi
2145 2439 2527 2501 correctione
2567 2440 2690 2501 sic:
2731 2435 2998 2500 commoti

533 2530 544 2535 ⁴
602 2551 818 2625 patres
876 2543 1003 2606 vice
1047 2545 1216 2629 fort.
1275 2546 1432 2607 hum.
1483 2581 1567 2591 -—-
1613 2543 1670 2605 si
1720 2593 1733 2608 .
1763 2588 1778 2606 .
1811 2590 1825 2606 .
1872 2544 2122 2628 faceret
2175 2575 2255 2590 »-
2306 2565 2465 2632 eum
2524 2543 2645 2605 iam
2674 2543 2840 2624 fides
2890 2543 2995 2622 aqi

614 2649 745 2710 visa
807 2655 916 2728 (sc.
967 2653 1109 2728 est),
1172 2650 1403 2712 deditos
1457 2671 1575 2712 uou
1609 2649 1801 2730 prodi
1846 2670 1951 2711 nee
1978 2649 2303 2734 facturum
2351 2669 2541 2733 aequa
2587 2649 2645 2712 S.
2682 2671 2753 2728 p.
2804 2668 2997 2710 ceuce-

616 2755 791 2830 baut,
856 2755 920 2818 h.
963 2776 1016 2819 e.
1066 2777 1214 2820 cum
1262 2754 1415 2819 fides
1464 2759 1572 2842 agi
1619 2758 1759 2819 visa
1805 2761 1931 2831 est,
1982 2760 2237 2818 senatus
2285 2757 2530 2818 censuit
2578 2754 2822 2819 deditos
2868 2774 2991 2817 non

615 2859 800 2945 prodi
846 2866 909 2923 et
955 2858 1348 2923 Samnitium
1396 2860 1714 2944 populum
1759 2863 1983 2943 iniqua
2029 2858 2353 2923 facturum
2371 2907 2387 2936 ,
2435 2859 2491 2921 si
2530 2882 2736 2939 ayrum
2778 2859 3001 2921 urbem-

614 2987 726 3049 que
773 2986 891 3045 per
951 2965 1310 3027 deditionem
1352 2965 1600 3049 factam
1635 2964 1858 3045 populi
1905 2964 2165 3027 Romani
2212 2972 2626 3046 oppuyuareut
2672 2966 2735 3047 (ᾗ
2763 2960 2849 3044 7).
2898 2962 2997 3027 De

612 3068 956 3133 indicativo
1001 3092 1130 3131 cum
1175 3076 1324 3145 est,
1377 3069 1545 3153 quod
1595 3069 1866 3134 verbum
1914 3074 2134 3133 utrum
2180 3070 2244 3132 h.
2285 3068 2329 3132 1.
2381 3068 2607 3132 Livius
2669 3089 2749 3131 an
2806 3068 2999 3132 libra-

612 3176 746 3237 rius
810 3175 1097 3237 omiserit
1158 3195 1386 3258 parum
1447 3173 1674 3247 refert,
1738 3174 1885 3237 vide
1946 3194 1999 3237 c.
2056 3173 2159 3239 16.
2187 3173 2228 3237 2
2296 3196 2423 3235 cum
2468 3174 2625 3237 male
2660 3179 2998 3254 puyuatmu

613 3286 700 3341 est
747 3284 811 3343 et
859 3277 918 3343 9.
948 3278 1055 3343 25.
1083 3279 1146 3344 2.

704 3516 755 3558 c.
807 3493 912 3559 35.
941 3494 1003 3559 4.
1053 3493 1296 3562 Consul
1340 3496 1727 3560 interclusus
1775 3516 1925 3560 cum
1972 3497 2257 3560 exercitu
2305 3516 2341 3559 a
2389 3494 2819 3573 Samnitibus,
2871 3516 2994 3561 ser-

611 3604 801 3662 vatur
848 3599 1110 3664 consilio
1159 3606 1224 3665 et
1269 3600 1644 3665 fortitudine
1695 3601 1766 3664 P.
1816 3600 1996 3664 Decii
2042 3602 2190 3664 trib.
2232 3600 2393 3676 mil.,
2445 3604 2555 3684 qui
2604 3622 2753 3665 cum
2798 3604 2989 3667 unius

609 3704 884 3789 legionis
943 3707 1336 3790 principibus
1395 3706 1789 3789 hastatisque
1835 3706 2062 3769 furtim
2110 3705 2338 3769 collem
2388 3712 2651 3791 occupat
2698 3706 2989 3771 hostibus

610 3811 1078 3873 imminentem.
1128 3808 1395 3893 Decepti
1442 3808 1761 3873 Samnites
1806 3808 2039 3875 collem
2088 3810 2366 3894 undique
2414 3814 2676 3875 armatis
2726 3815 2990 3875 circum-

613 3912 782 3977 dant.
848 3913 1016 3977 Tum
1077 3914 1310 3978 Decius
1375 3935 1521 3978 euos
1585 3918 1679 3979 ita
1724 3919 2117 3978 commonet:
2193 3915 2428 3977 Virtute
2472 3915 2715 3996 cepi-stis
2764 3917 2950 3979 locum
2968 3962 2984 3991 ,

608 4018 832 4081 virtute
893 4020 1032 4082 hine
1091 4027 1321 4101 oportet
1366 4020 1636 4082 evadatis
1650 4045 1679 4093 ,·
1726 4020 2013 4083 veniendo
2058 4020 2173 4081 hue
2222 4020 2540 4083 exercitum
2587 4043 2765 4101 cyre
2776 4021 2988 4101 ⁴qium

595 4123 825 4205 populo
873 4124 1138 4187 Romano
1184 4124 1469 4187 servastis
1479 4152 1506 4199 ,·
1557 4127 1908 4205 ervmpeudo
1954 4125 2095 4187 ltine
2139 4132 2354 4188 vosmet
2400 4126 2562 4206 ipsos
2608 4134 2855 4189 servate.

697 4228 1046 4313 Epitheton
1109 4230 1402 4310 eyreqium
1465 4251 1589 4294 non
1649 4233 1948 4294 convenit
2012 4229 2088 4293 de
2148 4232 2469 4307 exercita,
2537 4234 2649 4315 qui
2696 4253 2822 4296 non
2871 4251 2984 4295 sua

608 4333 718 4397 sed
781 4332 1054 4398 aliorum
1115 4338 1359 4399 virtute
1423 4338 1630 4399 evasit
1643 4355 1660 4411 3
1727 4335 1955 4399 Livius
2018 4333 2227 4411 dedit,
2278 4338 2518 4419 opinor,
2566 4336 2739 4399 inte
2746 4358 2893 4417 qru
2910 4358 2983 4399 m.

606 4438 924 4504 Fraudem
984 4439 1132 4503 fecit
1180 4439 1442 4506 librario
1460 4488 1476 4516 ,
1538 4440 1707 4524 quod
1750 4441 1845 4503 int
1890 4439 2117 4504 habuit
2162 4462 2277 4526 pro
2324 4443 2775 4505 terminatione
2821 4446 2988 4505 ante-
