3351 5463
678 384 807 449 130
1711 397 1999 445 vmerrus.

671 568 925 633 cultum
986 572 1049 630 et
1110 564 1459 629 munditias
1521 567 1826 649 copiaque
1882 569 1948 627 et
1973 562 2318 628 affluentia
2366 563 2529 628 luxu
2577 563 2932 649 proprior.”
2981 560 3062 627 In

670 671 1187 758 praecedentibus
1227 672 1510 735 narravit
1536 672 1808 753 scriptor
1832 666 2134 753 Crispum
2159 668 2350 734 illum
2370 718 2386 747 ,
2422 673 2720 754 quamvis
2745 672 3064 734 senatoria

673 781 987 865 dignitate
1023 782 1376 854 carentem,
1418 781 1634 840 tamen
1673 774 1914 839 multos
1955 775 2455 860 triumphalium
2498 775 3062 859 consulariumque

672 887 957 971 potentia
990 885 1415 948 antecessisse.
1456 881 1610 944 Erat
1648 883 1858 965 igitur
1881 878 2143 965 Crispus
2169 884 2273 944 vir
2295 884 2615 966 gratiosus
2637 930 2652 959 ,
2680 884 3065 946 auctoritate

673 990 916 1076 pollens
944 1038 961 1068 ,
988 991 1233 1054 divitiis
1259 988 1489 1052 florens
1506 1036 1523 1063 ‚
1551 989 1729 1051 omni
1756 986 2227 1051 munditiarum
2252 994 2312 1051 et
2340 987 2811 1073 elegantiarum
2831 1008 3065 1074 genere

674 1095 1042 1161 delectatus.
1084 1095 1529 1178 Quamquam,
1579 1098 1655 1157 ut
1703 1113 1780 1156 ex
1827 1094 2236 1177 sequentibus
2275 1099 2484 1177 patet,
2528 1096 2715 1179 vigor
2757 1095 2959 1157 animi
2994 1095 3064 1155 in

674 1222 748 1265 eo
816 1204 1024 1265 inerat
1088 1206 1152 1265 et
1217 1200 1589 1285 ingentibus
1658 1200 1939 1282 negotiis
2002 1218 2116 1282 par
2178 1203 2346 1274 erat,
2414 1203 2629 1263 tamen
2693 1198 2981 1262 multum
3027 1218 3067 1261 a

674 1312 969 1373 veterum
1038 1309 1209 1371 vitae
1280 1304 1736 1370 consuetudine
1801 1308 1867 1367 et
1927 1304 2161 1367 studiis
2225 1303 2570 1369 differebat.
2638 1286 2841 1368 Amor
2887 1306 3066 1367 enim

672 1415 844 1478 vitae
886 1412 1098 1477 lautae
1146 1416 1210 1475 et
1257 1409 1605 1495 elegantis,
1655 1409 2081 1473 humanitatis
2100 1456 2116 1485 ,
2161 1411 2278 1472 otii
2317 1409 2588 1472 studiosi
2627 1412 2710 1488 (si
2751 1430 3063 1494 oxymoro

673 1521 775 1582 uti
813 1517 1235 1596 concedatur),
1276 1518 1426 1579 eu'm
1460 1515 1656 1578 luxus
1692 1516 2115 1578 amantiorem
2155 1514 2306 1578 fecit
2344 1534 2539 1598 quam
2579 1534 2798 1579 rerum
2831 1535 3067 1599 gerun-

674 1625 901 1689 darum
947 1621 1457 1708 reipublicaeque
1497 1621 1933 1705 capessendae.
1982 1619 2326 1684 Librorum
2367 1640 2705 1684 consensus
2745 1619 3066 1684 tralaticia

674 1732 1023 1815 pertinacia
1082 1728 1361 1793 indicare
1421 1712 1678 1791 videtur
1740 1726 2039 1790 Tacitum
2103 1727 2426 1810 scripsisse
2493 1726 2695 1803 „luxu
2741 1723 3064 1812 propior.”

675 1834 799 1900 Sed
863 1837 1119 1899 omnino
1183 1855 1308 1898 non
1371 1832 1591 1896 induci
1637 1852 1901 1916 possum
1945 1836 2020 1894 ut
2069 1831 2340 1894 credam.
2392 1828 2658 1915 Crispus
2702 1830 2892 1894 luxui
2939 1852 3067 1894 non

674 1941 925 2023 propior
987 1946 1123 2006 erat
1141 1989 1157 2018 ,
1222 1939 1332 2003 sed
1385 1942 1521 2003 tota
1564 1941 1740 2003 vitae
1785 1940 1949 2001 ratio
1968 1985 1984 2013 ,
2036 1958 2072 2001 a
2118 1939 2396 2022 negotiis
2444 1937 2912 2021 honoribusque
2955 1958 3068 2020 pu-

673 2048 862 2112 blicis
908 2046 1114 2111 aliena
1134 2094 1149 2123 ,
1188 2066 1342 2111 eum
1391 2044 1579 2108 luxui
1610 2042 1960 2123 proniorem
2005 2042 2324 2109 reddebat.
2375 2041 2550 2107 Alibi
2599 2062 2850 2126 quoque
2891 2040 3069 2105 'Paci-

676 2159 781 2218 tus
828 2152 993 2217 illud
1038 2150 1427 2217 vocabulum
1474 2170 1625 2213 cum
1674 2148 1892 2212 dativo
1938 2151 2236 2212 iunctum
2285 2146 2361 2211 de
2410 2148 2598 2211 rebus
2644 2168 2804 2231 quae
2852 2146 3070 2211 dicun—

676 2264 785 2322 tur
864 2258 1195 2321 abstractis
1264 2254 1561 2331 adhibet,
1633 2274 1864 2337 nempe
1939 2257 2093 2317 Ama.
2165 2251 2272 2328 IV,
2347 2251 2433 2317 29
2503 2254 2727 2317 scribit
2795 2252 3058 2316 haecce:

680 2362 1174 2445 „addideratque
1239 2360 1550 2445 quaedam
1612 2360 2087 2435 contumacius,
2150 2378 2343 2441 quam
2408 2362 2628 2422 tutum
2673 2362 2831 2443 aput
2879 2376 3064 2421 aures

676 2468 981 2554 superbas
1051 2471 1118 2531 et
1184 2454 1507 2531 offensioni
1576 2464 1964 2556 proniores.”
2037 2464 2260 2547 Itaque
2328 2465 2538 2528 nescio
2603 2484 2684 2527 an
2744 2463 2864 2528 hoc
2925 2461 3064 2527 loco

675 2595 925 2659 quoque
973 2573 1164 2637 lectio
1210 2572 1357 2634 buxu
1392 2571 1651 2653 pronior
1699 2568 2105 2655 praeferenda
2145 2571 2249 2632 sit.
2300 2567 2394 2633 De
2435 2571 2718 2653 personis
2754 2570 3063 2633 usitatius

674 2685 771 2748 est
836 2681 1107 2746 scribere
1157 2699 1393 2760 pronus
1453 2677 1521 2740 in
1588 2696 1635 2740 s.
1703 2677 1818 2753 ad,
1883 2679 1960 2740 ut
1990 2674 2186 2740 Hist.
2235 2673 2284 2752 I,
2341 2673 2444 2752 13,
2505 2677 2576 2740 in
2619 2674 2742 2740 fine
2788 2677 3057 2760 capitis:

678 2807 919 2870 „prona
959 2786 1028 2848 in
1074 2805 1225 2849 eum
1273 2781 1419 2847 aula
1464 2782 1736 2847 Neronis
1781 2788 1857 2846 ut
1905 2781 2252 2846 similem.’'

764 2998 949 3063 ffism.
986 2996 1069 3074 II,
1116 2993 1220 3061 ¹70.
1272 2994 1532 3060 Vitellio
1572 3017 1724 3060 cum
1761 2998 2050 3062 exercitu
2087 3015 2342 3080 campos
2382 2993 2828 3060 Bedriacenses
2853 2993 3058 3059 oculis

673 3104 1101 3189 perlustrante
1120 3149 1136 3179 ,
1179 3103 1291 3167 ubi
1331 3102 1546 3167 foedae
1586 3103 1930 3166 hominum
1971 3103 2445 3185 bestiarumque
2484 3100 2789 3186 reliquiae
2810 3150 2824 3179 ,
2868 3102 3065 3165 vasti-

672 3217 772 3275 tas
818 3231 1121 3295 agrorum
1140 3257 1156 3285 ,
1207 3210 1457 3272 arbores
1507 3209 1850 3273 subversae
1870 3257 1886 3286 ,
1937 3210 2353 3294 cogitationes
2401 3207 2478 3271 de
2515 3207 2808 3271 fortunae
2848 3209 3073 3272 incon?

672 3318 911 3381 stantia
971 3319 1268 3391 movent,
1334 3315 1577 3379 milites
1638 3316 1925 3400 gregarii
1943 3364 1958 3391 ,
2015 3316 2421 3379 tribunorum
2469 3313 3064 3397 praefectorumque

672 3420 964 3505 exemplo
1010 3420 1336 3506 perducti,
1387 3442 1420 3484 e
1463 3423 1569 3486 via
1608 3420 1986 3498 deflectunt,
2029 3422 2239 3484 varias
2277 3421 2711 3504 pugnantium
2751 3421 3060 3484 stationes

670 3529 740 3589 in
798 3529 1176 3590 memoriam
1240 3546 1533 3590 revocare
1596 3532 1895 3590 conantes
1914 3574 1930 3602 ,
1997 3528 2210 3590 omnia
2273 3523 2474 3590 oculis
2537 3527 2671 3589 suis
2732 3528 3063 3610 proposita

668 3633 994 3694 intuentes
1042 3637 1107 3695 et
1148 3632 1486 3707 mirantes;
1533 3635 1637 3706 „et
1681 3630 1938 3706 erant,'’
1979 3630 2266 3713 procedit
2305 3633 2594 3716 scriptor,
2637 3652 2838 3715 „quos
2879 3634 3060 3697 varia

671 3755 805 3799 sors
868 3755 1084 3798 rerum
1141 3735 1566 3820 lacrimaeque
1615 3741 1680 3799 et
1727 3734 2158 3798 misericordia
2206 3735 2514 3801 subiret.’'
2563 3735 2897 3800 Postrema
2943 3735 3060 3800 illa

670 3840 837 3904 mihi
883 3842 1099 3904 minus
1145 3839 1303 3904 bene
1349 3839 1684 3904 cohaerere
1728 3838 2050 3904 videntur.
2101 3838 2269 3917 Quid
2315 3843 2486 3904 enim
2534 3840 2778 3904 milites
2817 3837 3055 3904 subiit?

670 3946 915 4029 Nempe
962 3944 1262 4009 lacrimae
1310 3950 1374 4008 et
1420 3945 1890 4020 misericordia,
1943 3946 2054 4027 qui
2099 3948 2378 4030 corporis
2425 3951 2488 4010 et
2536 3947 2736 4010 animi
2793 3945 3056 4010 affectus

670 4050 806 4114 diro
848 4051 1080 4133 stragis
1121 4049 1481 4133 spectaculo
1521 4050 1902 4114 efficiuntur.
1951 4048 2075 4112 Sed
2115 4071 2302 4115 causa
2340 4073 2604 4116 movens
2641 4051 3055 4116 lacrimarum

670 4155 1263 4240 misericordiaeque
1326 4156 1451 4218 fuit
1497 4157 1802 4240 cogit-atio
1849 4175 2010 4238 quae
2058 4153 2298 4222 milites
2343 4178 2596 4242 campos
2641 4158 2790 4222 illos
2838 4159 3056 4222 devas-

668 4267 835 4326 tatos
895 4263 1219 4324 intuentes
1281 4261 1479 4324 subiit
1533 4261 1822 4324 fortunae
1883 4260 2200 4324 instabilis
2250 4268 2314 4326 et
2361 4266 2597 4328 variae.
2666 4264 2873 4343 Quare
2921 4263 3051 4329 levi

671 4369 1025 4433 mutatione
1071 4364 1285 4448 legere
1334 4363 1564 4428 velim:
1612 4385 1758 4447 quos
1802 4363 1978 4425 varia
2023 4372 2181 4428 sorte
2225 4389 2420 4430 rerum
2459 4389 2595 4453 sqq.
