3351 5463
1241 399 1743 448 Amszrormrms.
2555 378 2687 445 205

318 571 539 652 βουλῇ,
588 590 671 634 an
718 566 1171 654 corrigendum
1218 564 1408 630 ἐδόκει
1458 565 1581 645 γὰρ
1631 571 1771 638 τῆς
1819 565 2126 642 βουλῆς
2175 565 2209 640 ἦ
2261 564 2547 644 θεωρία
2589 564 2696 629 vel

318 679 349 753 ἦ
389 676 594 757 θεωρία
643 680 759 748 τῆς
806 670 1084 752 βουλῆςῨ
1131 671 1304 737 Mihi
1350 693 1477 737 non
1523 671 1751 758 liquet.

399 804 490 849 vs·
541 779 673 848 716
736 780 835 846 ἐπὶ
901 779 970 857 γ’
1031 779 1156 857 γάρ
1222 779 1457 856 ἡμέρας
1521 779 1882 860 ἐψηφίσατο
1946 781 1980 852 ἦ
2047 776 2244 855 βουλὴ
2307 777 2463 856 βοῦς
2511 777 2688 856 θύειν,

315 887 443 970 ἀφ’
516 885 605 952 ὧν
668 869 774 952 καὶ
847 883 1023 966 ἕτερα
1093 885 1241 967 ζῷα.
1310 885 1488 950 Num
1551 885 1670 964 ἀφ’
1735 880 1808 948 ὧν
1873 889 1984 964 (sc.
2051 888 2324 966 ἡμερῶν)
2373 883 2695 970 significat

312 991 557 1060 exinde?
2281 1055 2290 1062 .

394 1122 489 1168 VS.
540 1096 692 1178 727,
724 1095 808 1165 37
873 1097 1018 1171 ἴσως
1068 1098 1129 1163 δὲ
1177 1096 1283 1162 καὶ
1332 1099 1360 1162 ὃ
1408 1096 1589 1177 χορὸς
1636 1097 1908 1172 ἀνῆλθεν
1955 1099 2042 1169 εἷς
2089 1098 2199 1171 τὴν
2244 1099 2690 1176 άναγωγην

312 1214 416 1283 τῆς
460 1206 737 1286 Εἰρήνης.
797 1204 937 1269 Imo
984 1225 1135 1269 vero
1186 1205 1538 1282 ἀγωγήν.
1589 1201 1893 1268 Ceterum
1941 1203 2098 1268 falsa
2145 1207 2242 1268 est
2286 1203 2440 1268 haec
2479 1223 2693 1289 gram*
2733 1233 2744 1242 ·

310 1314 525 1378 matici
572 1314 952 1378 coniectura.
1002 1310 1335 1374 Remansit
1382 1311 1554 1374 enim
1600 1308 1738 1372 Pax
1781 1311 1851 1372 in
1897 1308 2070 1374 coelo
2117 1314 2181 1373 et
2227 1307 2394 1374 solae
2443 1309 2687 1374 descen-

312 1419 465 1484 dunt
526 1420 663 1482 eius
725 1415 993 1481 ancillae
1050 1415 1320 1480 Theoria
1367 1421 1431 1480 et
1480 1414 1690 1500 Opora
1707 1463 1722 1491 ‚
1771 1421 1846 1479 ut
1891 1421 2061 1480 recte
2105 1415 2426 1480 intellexit
2472 1421 2690 1482 auctor

311 1524 530 1590 scholii
578 1523 658 1588 ad
706 1522 859 1590 726.

395 1651 489 1698 vs·
540 1626 673 1696 728
723 1627 1082 1699 ἕστυκότεςτ
1134 1625 1250 1694 ἔδει
1300 1628 1493 1692 εἰπεῖν
1540 1627 1914 1698 ἑστῶτες.
1963 1627 2102 1692 Imo
2151 1627 2618 1702 ἑστηκότες.

391 1758 487 1803 vs·
540 1734 672 1802 735
723 1737 938 1800 πᾶσαν
986 1733 1516 1813 παρέκβασιν
1564 1735 1997 1805 άναπαίστους
2043 1734 2243 1811 λέγει.
2304 1733 2472 1814 Quid
2518 1755 2688 1820 repo·
2743 1796 2752 1804 ,

310 1843 587 1908 nendum
632 1844 719 1907 sit
766 1862 953 1906 nemo
1000 1843 1121 1906 erit
1167 1840 1541 1906 monendus.

394 1970 487 2017 vs·
542 1946 695 2026 741,
724 1946 810 2015 47
860 1946 965 2012 καὶ
1014 1949 1073 2012 ἐν
1122 1955 1251 2019 τοῖς
1302 1945 1510 2027 Σφηξὶ
1563 1945 1704 2028 (60)
1755 1947 1886 2027 περὶ
1937 1945 2168 2011 τούτων
2218 1947 2414 2026 Φησί,
2465 1951 2570 2012 τοῦ
2618 1972 2688 2012 τε

314 2054 681 2136 ’Ἡρακλέους
744 2054 849 2118 καὶ
914 2041 1059 2120 τοῦ
1115 2054 1421 2119 δούλου.
1487 2053 1651 2118 Vera
1713 2052 1942 2122 lectio·
1965 2054 2132 2118 infra
2195 2053 2240 2118 1.
2294 2052 2380 2118 53
2429 2059 2690 2140 apparet

310 2159 436 2241 περ)
485 2159 547 2224 δὲ
594 2166 743 2224 τῶν
792 2158 1087 2225 δούλων
1136 2159 1241 2224 καὶ
1294 2160 1352 2223 ἐν
1403 2158 1758 2239 Βατράχοις
1807 2160 2022 2237 Φησίν.

395 2287 489 2332 vs·
544 2262 699 2344 758,
732 2265 813 2331 16
877 2273 1283 2344 μεταγαγεῖν
1350 2266 1411 2330 δὲ
1477 2265 1671 2340 αὐτὴν
1733 2264 2250 2344 (Lamiamydvrb
2303 2263 2549 2341 Λιβύης
2599 2265 2687 2337 εἷς

312 2371 717 2449 Ἰταλίαν,
769 2372 890 2453 (ἐφ’
932 2369 999 2448 ἧς
1039 2371 1142 2436 καὶ
1186 2370 1367 2444 πόλις
1409 2371 1467 2434 ἕν
1511 2370 1840 2452 Ἰταλία
1885 2359 2116 2448 Λάμια
2142 2370 2686 2450 προσαγορεύεται.

310 2479 549 2566 Agitur
620 2477 697 2543 de
766 2480 1101 2542 notissima
1168 2478 1325 2543 urbe
1396 2477 1457 2540 ἐν
1527 2476 1995 2558 Θετταλία,
2073 2477 2244 2561 quod
2301 2465 2532 2542 nornen
2593 2478 2692 2542 bis

307 2585 797 2651 restituendum.
840 2621 925 2632 —
966 2583 1215 2648 Ibidem
1251 2583 1297 2647 1.
1328 2582 1414 2648 26
1452 2582 1599 2668 lege
1637 2577 1800 2653 ὅπως
1840 2580 1919 2646 ἂν
1961 2583 2037 2645 ἐν
2077 2584 2236 2665 αὐτῇ
2262 2580 2296 2664 ᾖ
2325 2582 2690 2662 ἐξαιρεῖσθαι

308 2690 571 2774 (oculos)
621 2689 725 2756 καὶ
780 2691 973 2756 πάλιν
1022 2689 1395 2768 <ἐν>θεῒναι.

396 2820 495 2865 vs,
547 2796 699 2875 778,
726 2797 833 2862 46.
901 2803 1264 2874 σημειοῦται
1328 2797 1390 2861 δὲ
1453 2800 1670 2875 ταῦτα7
1726 2797 1754 2860 ὅ
1816 2793 2126 2875 μόχθος
2174 2795 2319 2875 πρὸς
2367 2795 2510 2868 τοὺς
2558 2796 2693 2862 0202-

308 2908 569 2976 τοῦντας
633 2905 743 2978 την
792 2906 851 2967 ἐν
903 2903 1239 2985 Ὀδυσσεία
1275 2902 1510 2981 ’Ἄρεως
1557 2902 1662 2968 καὶ
1719 2899 2090 2983 Ἀφροδίτης
2135 2904 2448 2983 μοιχείαν.
2522 2902 2692 2971 Cum

306 3012 545 3076 maiore
605 3009 823 3075 littera
880 3010 1116 3074 initiali
1180 3012 1541 3094 scripserim
1606 3010 1634 3072 ὗ
1699 3017 1767 3073 Μ
1789 3008 1819 3073 ό
1836 3012 1976 3089 χθο
1998 3033 2063 3087 ς,
2129 3031 2252 3094 quo
2312 3013 2690 3096 cognomine

307 3116 785 3203 significabatur
831 3116 1073 3202 Apion,
1123 3122 1199 3180 ut
1245 3115 1569 3202 Didymus
1616 3116 1915 3181 audiebat
1953 3116 1988 3180 ό
2037 3115 2320 3195 Πόνηρος.

397 3244 491 3289 vs·
545 3220 675 3289 788
747 3221 843 3285 άε)
908 3221 1115 3299 μέντοι
1178 3221 1246 3286 τὸ
1308 3221 1672 3301 ὄρτυγας
1738 3221 2113 3300 ἐκτείνεται,
2179 3227 2281 3286 νῦν
2343 3222 2404 3285 δὲ
2469 3222 2570 3287 διὰ
2621 3223 2690 3286 τὸ

313 3328 527 3407 μέτρον
576 3329 1014 3392 συνέσταλται.
1066 3328 1228 3393 Tam
1272 3331 1625 3394 immanem
1673 3349 1955 3393 errorem
1998 3327 2222 3393 scholii
2273 3333 2496 3393 auctor
2533 3349 2695 3392 com-

317 3437 573 3499 mittere
634 3455 760 3499 non
820 3440 1101 3519 poterat,
1166 3437 1291 3498 nisi
1349 3437 1555 3520 ipsius
1618 3438 1827 3499 aetate
1889 3439 2002 3499 aut
2058 3433 2301 3499 vocalis
2363 3444 2414 3497 T
2462 3437 2530 3497 in
2576 3435 2696 3498 hoc

316 3538 623 3607 vocabulo
685 3540 1161 3624 produceretur,
1226 3545 1341 3605 aut
1402 3540 1595 3624 (quod
1656 3540 2076 3624 probabilius)
2140 3539 2564 3605 invalescente
2629 3542 2697 3605 vi

316 3653 609 3712 accentus
656 3649 793 3710 eius
843 3649 1163 3732 quantitas
1209 3668 1334 3711 non
1380 3645 1663 3732 amplius
1713 3646 2062 3711 audiretur.

403 3772 498 3816 vs.
549 3750 703 3828 809,
732 3750 819 3815 40
883 3752 953 3816 τὸ
1004 3751 1065 3816 δὲ
1114 3752 1404 3831 Γοργόνες
1455 3753 1618 3835 [καὶ]
1666 3752 1989 3833 ὀψοφάγοι
2039 3751 2138 3816 ἐπὶ
2190 3753 2542 3818 Μελανθίου
2590 3750 2693 3829 μό·

318 3882 433 3923 νου.
481 3856 791 3923 Deleatur
838 3857 1089 3943 copula.

404 3985 501 4030 VS.
541 3962 673 4029 869
724 3973 1017 4043 σησαμῆε
1067 3965 1239 4044 παρὰ
1288 3964 1358 4029 τὸ
1409 3966 1468 4029 ἐν
1515 3973 1643 4037 τοῖς
1691 3964 1926 4043 γάμοις
1976 3964 2139 4037 ἔθος·
2194 3964 2520 4032 ἐδόκουν
2567 3968 2692 4047 γὰρ

316 4071 375 4134 ἕν
421 4078 550 4142 τοῖς
598 4071 835 4148 γάμοις
895 4073 1263 4149 σήσαμον
1312 4070 1570 4150 διδόναι,
1620 4069 1684 4143 ὅς
1733 4073 1863 4137 ἐστι
1913 4078 2195 4144 πλακοῦς
2245 4074 2518 4159 γαμικὸς
2566 4074 2692 4138 άπὸ

314 4176 611 4253 σησάμων
674 4176 1113 4255 πεποιημένος,
1176 4178 1303 4242 κτὲ.
1368 4179 1502 4243 Aut
1564 4202 1770 4252 σησα
1791 4185 1892 4253 μῆ
1913 4205 1940 4242 ν
1989 4187 2102 4243 aut
2150 4184 2693 4255 σησαμοῦντα

313 4285 685 4368 requiritur.
756 4283 1038 4349 Observa
1106 4290 1327 4349 autem
1384 4287 1712 4351 novitium
1772 4285 1956 4350 verbi
2021 4287 2212 4351 δοκεῖν
2273 4308 2464 4351 usum
2486 4334 2502 4363 ‚
2567 4308 2694 4371 quo

314 4389 636 4475 significat
702 4412 915 4455 morem
974 4392 1187 4454 habere
1206 4438 1223 4467 ,
1288 4396 1364 4455 ut
1426 4390 1688 4472 νομίζειν
1759 4390 1929 4476 apud
1993 4394 2306 4476 antiquos.
2378 4391 2482 4457 Sic
2543 4413 2694 4456 cum

314 4494 468 4561 alibi
527 4495 776 4582 legitur
827 4502 972 4561 tum
1018 4499 1086 4560 in
1131 4496 1389 4563 scholiis
1438 4498 1515 4562 ad
1562 4520 1657 4565 vs.
1708 4496 1861 4575 363,
1891 4496 1930 4561 3
1981 4498 2050 4563 τὸ
2103 4499 2358 4563 Λύκειον
2409 4493 2690 4577 -χῖπου
