3351 5463
664 369 793 435 122
1506 388 1590 435 nn
1636 387 1797 435 noco
1844 386 2190 437 oronnoms.

661 554 977 617 sententia
1020 556 1238 616 autem
1286 550 1657 615 huiusmodi
1703 555 1800 615 est
1819 598 1835 627 ,
1889 551 2256 635 „profiteri”
2303 554 2366 617 in
2413 552 2668 639 legibus
2713 552 3034 622 Ciceronis

659 662 948 741 tempore
1012 657 1385 743 vigentibus
1446 654 1611 720 nihil
1672 654 1849 719 aliud
1909 656 2104 721 fuisse
2175 678 2371 741 qnam
2434 659 2544 735 „in
2589 666 2727 740 toqa
2773 662 3034 725 candida

658 762 881 825 Romae
942 762 1010 825 in
1045 763 1204 848 foro
1238 761 1563 843 petitionis
1609 782 1790 824 cauea
1833 756 1921 823 ee‘
1941 763 2244 825 ostendere
2276 764 2508 845 populo
2555 764 2762 828 diebus
2805 766 3037 849 quibus-

657 870 793 930 dam
837 867 1238 944 constituti8”,
1287 869 1423 931 sive
1466 866 1894 943 „candidatum
1933 868 2137 931 adesse
2175 874 2312 931 ante
2349 867 2629 931 eomitia’'
2664 868 2734 949 ¹).
2775 870 2917 936 Hoc
2957 872 3034 937 ab

653 976 793 1058 ipso
858 974 1117 1039 homine
1176 972 1356 1037 fieret
1416 992 1665 1037 necesse
1728 975 1898 1049 erat;
1963 971 2101 1037 fieri
2145 994 2270 1037 non
2317 978 2566 1058 poterat
2611 976 2690 1039 ab
2735 976 3031 1054 absente,

654 1099 858 1162 neque
906 1099 1018 1162 per
1064 1078 1267 1142 alium
1312 1099 1515 1163 neque
1561 1098 1675 1162 per
1713 1077 2110 1143 mandatum.
2159 1078 2342 1143 Hanc
2381 1100 2637 1144 causam
2677 1102 2815 1146 esse
2851 1082 3032 1147 credo

654 1204 787 1259 cur,
851 1204 999 1248 cum
1061 1183 1289 1247 multis
1352 1182 1509 1247 locis
1556 1181 1859 1267 legantur
1903 1182 2216 1248 formulae
2265 1190 2706 1268 „praesentem
2750 1188 3032 1270 petere'’,

657 1288 1025 1365 „absentem
1084 1288 1364 1373 petere'',
1414 1310 1701 1370 nusquam.
1745 1286 2004 1372 legatur
2051 1288 2419 1365 „absentem
2467 1288 2816 1374 profiteri''‚
2868 1292 3035 1375 quod

656 1392 1004 1456 absurdum
1064 1400 1158 1456 est
1220 1396 1479 1477 propter
1537 1392 1948 1456 manifestam
2007 1396 2503 1478 repugnantiam
2521 1442 2538 1471 ,
2603 1415 2814 1479 neque
2883 1417 3032 1461 vero

597 1493 603 1498 ’
655 1518 932 1582 usquam
970 1503 1441 1582 (praeterquam
1479 1500 1547 1561 in
1586 1500 1918 1583 rogatione
1957 1496 2229 1562 Servilia
2265 1501 2541 1584 agraria)
2592 1508 3034 1586 „praesentem

658 1600 1006 1685 profiteri’',
1068 1602 1234 1685 quod
1288 1605 1581 1686 ineptum
1628 1609 1727 1665 est
1773 1608 2030 1686 propter
2075 1602 2349 1666 stultam
2392 1606 2817 1669 iterationem.
2865 1605 3038 1670 Hinc

658 1709 989 1791 pervenire
1034 1727 1376 1790 possumus
1426 1706 1506 1771 ad
1549 1708 1789 1771 iustam
1836 1709 2432 1790 interpretationem·
2475 1709 2816 1774 verborum
2865 1708 3039 1793 Cice-

659 1814 847 1875 ronis.
900 1849 982 1859 -
1044 1810 1286 1875 Deinde
1349 1811 1754 1877 attendamus
1773 1858 1788 1886 ‚
1853 1810 2170 1894 quomodo
2231 1809 2450 1876 Cicero
2510 1815 2578 1877 in
2642 1815 3038 1878 orationibus

660 1914 735 1979 de
796 1914 941 2000 lege
1002 1918 1251 2001 agraria
1312 1921 1465 2001 agat
1526 1936 1678 1979 cum
1737 1916 1993 1980 tribuno
2051 1914 2256 1999 plebis
2318 1922 2573 1981 auctore
2620 1918 2814 1983 huius
2859 1940 3040 2006 roga-

655 2022 867 2085 tionis.
939 2020 1077 2084 Non
1152 2019 1361 2084 solum
1432 2040 1582 2083 eum
1646 2019 2047 2103 reprehendit
2107 2025 2174 2083 et
2233 2021 2504 2098 refutat,
2571 2021 2679 2085 sed
2737 2024 3038 2107 inprimis

658 2144 809 2188 eum
855 2123 1039 2187 ridet.
1087 2124 1305 2189 Multa
1350 2123 1527 2187 affert
1570 2144 1732 2207 quae
1772 2124 2111 2199 „tribunus
2147 2122 2350 2207 plebis
2387 2124 2666 2211 vigilans
2703 2128 2778 2191 et'
2809 2132 3038 2192 acutus

658 2228 1163 2313 excogitaverit’'
1226 2227 1318 2305 (l.
1368 2226 1517 2311 53),
1581 2233 1655 2290 ut
1718 2227 2007 2293 ostendat
2068 2249 2217 2292 cum
2263 2228 2593 2295 hominem
2635 2233 2855 2315 ipsum
2901 2252 3036 2297 esse

655 2331 1004 2397 ridiculum
1042 2332 1130 2411 (2.
1164 2332 1281 2409 133
1323 2333 1383 2396 2.
1413 2332 1546 2414 23),
1588 2338 1734 2412 tum
1774 2335 1910 2399 eius
1951 2332 2164 2420 legem
2200 2354 2333 2397 esse
2357 2337 2716 2412 inscienter,
2743 2335 3035 2414 ridicule,

658 2438 925 2502 absurde
986 2441 1426 2522 conscriptam.
1491 2437 1663 2502 Inter
1725 2458 1799 2501 ea
1859 2458 2020 2521 quae
2083 2437 2247 2502 ridet
2309 2437 2562 2517 Cicero,
2626 2448 2775 2504 sunt
2837 2444 3034 2505 etiam

658 2565 757 2607 res
804 2566 917 2627 per
965 2565 1029 2608 se
1078 2542 1350 2608 leviores
1375 2542 1448 2624 ²),
1512 2545 1669 2627 quin
1715 2544 1911 2606 etiam
1957 2540 2214 2628 singula
2262 2543 2455 2608 verba
2495 2542 2661 2629 legis
2691 2540 2761 2625 ³).
2824 2544 2918 2609 Eo
2966 2545 3036 2609 id

660 2670 909 2737 quoque
965 2652 1289 2734 pertinet,
1364 2648 1532 2733 quod
1602 2647 1683 2713 ad
1752 2650 2420 2712 commemorationem
2487 2648 2666 2713 illius
2730 2648 3035 2715 vocabuli

661 2761 1101 2839 „praesentem
1164 2753 1489 2838 profiteri’'
1554 2752 1764 2817 addit:
1833 2755 2034 2837 „quod
2077 2753 2254 2816 nulla
2299 2753 2430 2816 alia
2475 2754 2544 2816 in
2590 2755 2716 2835 leye
2760 2778 3034 2840 umquam

639 2859 790 2945 suit
806 2907 821 2935 ‚
893 2882 967 2922 ne
1032 2859 1099 2920 in
1171 2860 1257 2922 eie
1325 2859 1558 2942 quidem
1615 2857 2064 2938 mayel-stratibus
2121 2881 2366 2943 quorum
2423 2866 2640 2922 certate
2688 2862 2830 2923 ordo
2877 2859 3032 2924 ὥθ’.

658 2961 825 3028 Oum
886 2984 1105 3027 omnes
1156 2962 1331 3049 leges
1380 2983 1539 3047 quae
1582 2968 1790 3027 essent
1837 2963 1912 3027 de
1957 2966 2263 3046 petitione
2309 2965 2814 3049 magistratuum
2857 2965 3029 3030 iube-

618 3063 799 3132 ‘rent
844 3061 1127 3153 petentes
1178 3067 1569 3153 ‚›Profiteri''‚
1635 3071 1678 3131 i.
1705 3089 1760 3131 e.
1807 3067 1875 3129 in
1919 3074 2056 3147 coya
2103 3068 2365 3131 eandida
2411 3070 2648 3145 adesse,
2697 3089 2848 3134 cum
2891 3068 3034 3134 Ser-

655 3173 853 3238 vilius
901 3179 1067 3237 recte
1115 3176 1565 3238 enuntiaturus
1612 3173 1838 3236 fuisset
1886 3173 2052 3256 quod
2099 3171 2390 3249 solebat,
2433 3175 2488 3236 si
2527 3176 2880 3257 scripsisset
2917 3179 3032 3238 aut

659 3279 880 3343 eodem
959 3274 1180 3355 modo,
1268 3298 1372 3342 eos
1440 3281 1554 3362 qui
1621 3277 2126 3342 decemviratum
2192 3279 2460 3360 petituri
2528 3283 2739 3342 essent
2808 3277 3032 3343 debere

662 3383 1054 3468 „profiteri’',
1118 3389 1230 3448 aut
1292 3404 1395 3447 eos
1458 3382 1682 3447 debere
1731 3387 2129 3466 „praesentes
2163 3381 2438 3463 petere'ss
2489 3402 2562 3447 eo
2611 3403 2762 3446 eum
2809 3405 3031 3467 prove-

657 3493 837 3552 xerat
873 3489 1161 3563 inscitia,
1204 3508 1354 3550 cum
1396 3486 1608 3550 studio
1647 3487 1920 3570 Pompei
1958 3486 2234 3549 absentis
2269 3485 2645 3549 excludendi
2672 3489 3025 3564 coniuncta,

659 3598 733 3655 ut
797 3592 1133 3668 scriberet,
1190 3611 1294 3655 eos
1356 3590 1579 3655 debere
1645 3594 2044 3675 „praesentes
2090 3590 2356 3667 adesse’',
2406 3590 2594 3672 quod'
2621 3597 2786 3655 esset
2830 3597 2894 3656 et
2933 3595 3032 3656 .in-
3130 3627 3135 3631 ·

652 3884 707 3934 L.
755 3880 1006 3931 Volcatius
1054 3882 1217 3930 'l’ullm
1260 3883 1424 3930 consul
1465 3881 1710 3930 eonsilium
1747 3881 1982 3945 publicum
2015 3880 2183 3930 habuit
2214 3897 2279 3929 an
2313 3880 2544 3930 rationem
2588 3880 2830 3931 Catilinae
2862 3881 3031 3932 habere

650 3964 839 4013 deberet
882 3963 928 4012 εἰ
964 3967 1149 4026 peteret
1194 3960 1545 4022 emulatum”‚
1589 3963 1789 4011 mirifice
1809 3961 2104 4011 Antisti-atur
2137 3960 2238 4010 illie
2271 3962 2388 4010 locis
2422 3962 2596 4011 allatis.
2633 3961 2751 4010 Inde
2787 3966 2917 4012 certe
2948 3978 3030 4028 ap-

652 4048 789 4110 paret
824 4045 940 4107 quid
974 4061 1070 4093 non
1102 4044 1251 4093 fuerit
1291 4042 1585 4109 „profiteri”-

716 4125 771 4186 1)
822 4127 888 4173 De
935 4125 1122 4173 ratione
1158 4128 1207 4173 et
1244 4125 1381 4173 modo
1417 4123 1728 4189 professionis
1761 4140 1869 4173 cum
1903 4123 1997 4172 alio
2031 4123 2134 4172 loco
2169 4139 2309 4188 agere
2345 4124 2465 4173 mihi
2491 4125 2791 4189 propositum
2827 4125 2919 4186 sit,
2954 4141 3029 4174 ar-

645 4206 889 4269 gumentis
922 4222 1049 4254 nunc
1081 4206 1375 4272 supersedeo.

714 4289 769 4350 2)
806 4288 904 4336 cfr.
944 4288 987 4334 1.
1012 4288 1073 4342 ,ιο
1109 4290 1163 4335 et
1196 4289 1241 4336 2.
1263 4286 1353 4367 34³
1390 4287 1435 4336 2.
1457 4288 1539 4347 26,
1576 4268 1857 4344 aes-'sd
1896 4286 1941 4335 2.
1979 4285 2042 4338 67
2077 4289 2168 4336 eto.

716 4370 765 4426 8)
812 4369 910 4416 Cfr.
959 4369 1005 4417 2.
1038 4369 1101 4416 38
1152 4368 1371 4418 ‚aliudve
1414 4366 1578 4432 φάθ’,
1624 4384 1651 4416 e
1697 4383 1792 4432 quo
1838 4366 2064 4418 vocabulo
2109 4370 2290 4418 temere
2328 4367 2542 4418 adhibito
2575 4369 2692 4436 quid
2724 4368 2845 4420 effici
2877 4368 3030 4435 possit

652 4451 812 4500 ridens
845 4450 1141 4500 demonstrat
1176 4450 1341 4500 Cicero
1377 4453 1399 4516 ς
1433 4448 1646 4501 88-4'1.
