<?xml version="1.0" encoding="UTF-8"?>
<!DOCTYPE html PUBLIC "-//W3C//DTD XHTML 1.0 Transitional//EN"
    "http://www.w3.org/TR/xhtml1/DTD/xhtml1-transitional.dtd">
<html xmlns="http://www.w3.org/1999/xhtml" xml:lang="en" lang="en">
 <head>
  <title>
</title>
<meta http-equiv="Content-Type" content="text/html;charset=utf-8" />
  <meta name='ocr-system' content='tesseract 3.04.00' />
  <meta name='ocr-capabilities' content='ocr_page ocr_carea ocr_par ocr_line ocrx_word'/>
</head>
<body>
  <div class='ocr_page' id='page_1' title='image "./mnemosynevolume04verdgoog_0149.png"; bbox 0 0 3351 5463; ppageno 0'>
   <div class='ocr_carea' id='block_1_1' title="bbox 1405 339 2790 410">
    <p class='ocr_par' dir='ltr' id='par_1_1' title="bbox 1405 339 2790 410">
     <span class='ocr_line' id='line_1_1' title="bbox 1405 339 2790 410; baseline -0.003 -1"><span class='ocrx_word' id='word_1_1' title='bbox 1405 360 1796 410; x_wconf 69' lang='lat' dir='ltr'>fflsomus.</span> <span class='ocrx_word' id='word_1_2' title='bbox 1887 376 1890 379; x_wconf 90' lang='lat'><strong>·</strong></span> <span class='ocrx_word' id='word_1_3' title='bbox 2663 339 2790 405; x_wconf 84' lang='lat'>139</span> 
     </span>
    </p>
   </div>
   <div class='ocr_carea' id='block_1_2' title="bbox 402 523 2836 1773">
    <p class='ocr_par' dir='ltr' id='par_1_2' title="bbox 402 523 2796 927">
     <span class='ocr_line' id='line_1_2' title="bbox 404 523 2796 611; baseline -0.001 -20"><span class='ocrx_word' id='word_1_4' title='bbox 404 525 803 610; x_wconf 75' lang='lat' dir='ltr'>possidentes</span> <span class='ocrx_word' id='word_1_5' title='bbox 868 531 1036 592; x_wconf 87' lang='lat' dir='ltr'>terra</span> <span class='ocrx_word' id='word_1_6' title='bbox 1081 525 1305 591; x_wconf 89' lang='lat' dir='ltr'>hostili</span> <span class='ocrx_word' id='word_1_7' title='bbox 1350 527 1585 611; x_wconf 79' lang='lat' dir='ltr'><strong>obtegi.</strong></span> <span class='ocrx_word' id='word_1_8' title='bbox 1633 525 1899 591; x_wconf 85' lang='lat' dir='ltr'>Duabus</span> <span class='ocrx_word' id='word_1_9' title='bbox 1948 524 2326 610; x_wconf 78' lang='lat' dir='ltr'>corruptelis</span> <span class='ocrx_word' id='word_1_10' title='bbox 2368 523 2544 589; x_wconf 91' lang='lat' dir='ltr'>locus</span> <span class='ocrx_word' id='word_1_11' title='bbox 2588 526 2796 609; x_wconf 87' lang='lat' dir='ltr'>inqui-</span> 
     </span>
     <span class='ocr_line' id='line_1_3' title="bbox 402 630 2794 716; baseline -0.001 -21"><span class='ocrx_word' id='word_1_12' title='bbox 402 637 595 697; x_wconf 87' lang='lat' dir='ltr'>natus</span> <span class='ocrx_word' id='word_1_13' title='bbox 659 632 828 697; x_wconf 90' lang='lat' dir='ltr'>mihi</span> <span class='ocrx_word' id='word_1_14' title='bbox 884 631 1177 697; x_wconf 83' lang='lat' dir='ltr'>videtur:</span> <span class='ocrx_word' id='word_1_15' title='bbox 1227 630 1618 696; x_wconf 84' lang='lat' dir='ltr'>vocabulum</span> <span class='ocrx_word' id='word_1_16' title='bbox 1666 632 1856 705; x_wconf 75' lang='grc' dir='ltr'><strong><em>θήκας</em></strong></span> <span class='ocrx_word' id='word_1_17' title='bbox 1906 632 2502 716; x_wconf 75' lang='lat' dir='ltr'>interpretationem</span> <span class='ocrx_word' id='word_1_18' title='bbox 2551 635 2794 694; x_wconf 83' lang='lat' dir='ltr'>rectam</span> 
     </span>
     <span class='ocr_line' id='line_1_4' title="bbox 403 718 2796 822; baseline -0.001 -22"><span class='ocrx_word' id='word_1_19' title='bbox 403 758 530 801; x_wconf 88' lang='lat' dir='ltr'>non</span> <span class='ocrx_word' id='word_1_20' title='bbox 576 737 867 802; x_wconf 86' lang='lat' dir='ltr'>admittit</span> <span class='ocrx_word' id='word_1_21' title='bbox 913 742 979 802; x_wconf 88' lang='lat' dir='ltr'>et</span> <span class='ocrx_word' id='word_1_22' title='bbox 1026 737 1317 817; x_wconf 79' lang='grc' dir='ltr'>εὔμορφοι</span> <span class='ocrx_word' id='word_1_23' title='bbox 1366 736 1443 801; x_wconf 88' lang='grc'>(16</span> <span class='ocrx_word' id='word_1_24' title='bbox 1488 737 1903 803; x_wconf 85' lang='lat' dir='ltr'>cadaveribus</span> <span class='ocrx_word' id='word_1_25' title='bbox 1943 738 2071 803; x_wconf 89' lang='lat' dir='ltr'>dici</span> <span class='ocrx_word' id='word_1_26' title='bbox 2107 757 2235 802; x_wconf 95' lang='lat' dir='ltr'>non</span> <span class='ocrx_word' id='word_1_27' title='bbox 2275 718 2504 822; x_wconf 87' lang='lat' dir='ltr'>potest.</span> <span class='ocrx_word' id='word_1_28' title='bbox 2555 735 2796 821; x_wconf 84' lang='lat' dir='ltr'>Legen-</span> 
     </span>
     <span class='ocr_line' id='line_1_5' title="bbox 404 841 803 927; baseline 0.003 -22"><span class='ocrx_word' id='word_1_29' title='bbox 404 841 563 906; x_wconf 86' lang='lat' dir='ltr'>dum</span> <span class='ocrx_word' id='word_1_30' title='bbox 608 848 803 927; x_wconf 83' lang='lat' dir='ltr'>puto:</span> 
     </span>
    </p>

    <p class='ocr_par' dir='ltr' id='par_1_3' title="bbox 1134 940 1976 1027">
     <span class='ocr_line' id='line_1_6' title="bbox 1134 940 1976 1027; baseline 0 -15"><span class='ocrx_word' id='word_1_31' title='bbox 1134 940 1187 1012; x_wconf 81' lang='grc' dir='ltr'>οἳ</span> <span class='ocrx_word' id='word_1_32' title='bbox 1235 949 1288 1012; x_wconf 78' lang='grc' dir='ltr'>δ’</span> <span class='ocrx_word' id='word_1_33' title='bbox 1337 948 1527 1012; x_wconf 72' lang='grc' dir='ltr'><em>αὐτοῦ</em></span> <span class='ocrx_word' id='word_1_34' title='bbox 1576 948 1712 1027; x_wconf 74' lang='grc' dir='ltr'>περὶ</span> <span class='ocrx_word' id='word_1_35' title='bbox 1762 955 1976 1027; x_wconf 77' lang='grc' dir='ltr'><em>τεῖχος</em></span> 
     </span>
    </p>

    <p class='ocr_par' dir='ltr' id='par_1_4' title="bbox 1134 1052 1877 1132">
     <span class='ocr_line' id='line_1_7' title="bbox 1134 1052 1877 1132; baseline 0.001 -15"><span class='ocrx_word' id='word_1_36' title='bbox 1134 1054 1389 1132; x_wconf 76' lang='grc' dir='ltr'><strong><em>κλήρους</em></strong></span> <span class='ocrx_word' id='word_1_37' title='bbox 1438 1052 1699 1125; x_wconf 71' lang='grc' dir='ltr'>Ἰλιάδος</span> <span class='ocrx_word' id='word_1_38' title='bbox 1746 1056 1877 1131; x_wconf 69' lang='grc' dir='ltr'>γᾶς</span> 
     </span>
    </p>

    <p class='ocr_par' dir='ltr' id='par_1_5' title="bbox 1132 1156 2002 1239">
     <span class='ocr_line' id='line_1_8' title="bbox 1132 1156 2002 1239; baseline -0.001 -15"><span class='ocrx_word' id='word_1_39' title='bbox 1132 1156 1389 1237; x_wconf 76' lang='grc' dir='ltr'>εὔμοιροι</span> <span class='ocrx_word' id='word_1_40' title='bbox 1441 1158 1847 1239; x_wconf 56' lang='grc' dir='ltr'>κατέχουσιν·</span> <span class='ocrx_word' id='word_1_41' title='bbox 1899 1161 2002 1238; x_wconf 76' lang='grc' dir='ltr'>ἐχ·</span> 
     </span>
    </p>

    <p class='ocr_par' dir='ltr' id='par_1_6' title="bbox 402 1263 2836 1773">
     <span class='ocr_line' id='line_1_9' title="bbox 1133 1263 2768 1347; baseline 0 -19"><span class='ocrx_word' id='word_1_42' title='bbox 1133 1264 1241 1344; x_wconf 72' lang='grc' dir='ltr'>θρὰ</span> <span class='ocrx_word' id='word_1_43' title='bbox 1290 1265 1340 1329; x_wconf 76' lang='grc' dir='ltr'>δ’</span> <span class='ocrx_word' id='word_1_44' title='bbox 1391 1264 1658 1344; x_wconf 72' lang='grc' dir='ltr'><em>ἔχοντας</em></span> <span class='ocrx_word' id='word_1_45' title='bbox 1710 1263 1986 1346; x_wconf 77' lang='grc' dir='ltr'><strong><em>ἔκρυψεν.</em></strong></span> <span class='ocrx_word' id='word_1_46' title='bbox 2761 1340 2768 1347; x_wconf 82' lang='lat'><strong><em>.</em></strong></span> 
     </span>
     <span class='ocr_line' id='line_1_10' title="bbox 404 1368 2836 1456; baseline -0.001 -22"><span class='ocrx_word' id='word_1_47' title='bbox 404 1369 805 1436; x_wconf 83' lang='lat' dir='ltr'><strong>Vocabulum</strong></span> <span class='ocrx_word' id='word_1_48' title='bbox 856 1371 1108 1451; x_wconf 72' lang='grc' dir='ltr'><em>κλήρους</em></span> <span class='ocrx_word' id='word_1_49' title='bbox 1154 1373 1259 1436; x_wconf 87' lang='grc'><strong>1116</strong></span> <span class='ocrx_word' id='word_1_50' title='bbox 1296 1376 1463 1436; x_wconf 87' lang='grc'><strong>16616</strong></span> <span class='ocrx_word' id='word_1_51' title='bbox 1500 1374 1798 1456; x_wconf 90' lang='lat' dir='ltr'>usurpari</span> <span class='ocrx_word' id='word_1_52' title='bbox 1835 1391 2210 1455; x_wconf 88' lang='lat' dir='ltr'>persuasum</span> <span class='ocrx_word' id='word_1_53' title='bbox 2252 1370 2454 1435; x_wconf 87' lang='lat' dir='ltr'>habeo</span> <span class='ocrx_word' id='word_1_54' title='bbox 2472 1389 2488 1447; x_wconf 86' lang='lat'>;</span> <span class='ocrx_word' id='word_1_55' title='bbox 2530 1368 2788 1447; x_wconf 79' lang='grc' dir='ltr'><em>εὔμοιροι</em></span> <span class='ocrx_word' id='word_1_56' title='bbox 2825 1397 2836 1407; x_wconf 93' lang='grc'><em>·</em></span> 
     </span>
     <span class='ocr_line' id='line_1_11' title="bbox 404 1471 2790 1561; baseline -0.002 -20"><span class='ocrx_word' id='word_1_57' title='bbox 404 1479 630 1561; x_wconf 78' lang='lat' dir='ltr'>scripsi</span> <span class='ocrx_word' id='word_1_58' title='bbox 668 1499 702 1542; x_wconf 90' lang='lat' dir='ltr'>e</span> <span class='ocrx_word' id='word_1_59' title='bbox 741 1476 1178 1542; x_wconf 87' lang='lat' dir='ltr'>Valckenaerii</span> <span class='ocrx_word' id='word_1_60' title='bbox 1217 1480 1575 1542; x_wconf 87' lang='lat' dir='ltr'>coniectura</span> <span class='ocrx_word' id='word_1_61' title='bbox 1613 1476 1847 1556; x_wconf 83' lang='grc' dir='ltr'><em>εὔμοροι</em></span> <span class='ocrx_word' id='word_1_62' title='bbox 1869 1526 1885 1555; x_wconf 92' lang='grc'><strong><em>,</em></strong></span> <span class='ocrx_word' id='word_1_63' title='bbox 1927 1477 2004 1542; x_wconf 91' lang='lat' dir='ltr'>ab</span> <span class='ocrx_word' id='word_1_64' title='bbox 2049 1477 2419 1541; x_wconf 84' lang='lat' dir='ltr'>Hermanno</span> <span class='ocrx_word' id='word_1_65' title='bbox 2441 1478 2512 1539; x_wconf 90' lang='lat' dir='ltr'>in</span> <span class='ocrx_word' id='word_1_66' title='bbox 2535 1471 2790 1552; x_wconf 80' lang='grc' dir='ltr'><em>εὔμοιροι</em></span> 
     </span>
     <span class='ocr_line' id='line_1_12' title="bbox 406 1578 2794 1668; baseline -0.001 -21"><span class='ocrx_word' id='word_1_67' title='bbox 406 1588 703 1647; x_wconf 88' lang='lat' dir='ltr'>correcta.</span> <span class='ocrx_word' id='word_1_68' title='bbox 762 1582 995 1649; x_wconf 84' lang='lat' dir='ltr'>Contra</span> <span class='ocrx_word' id='word_1_69' title='bbox 1043 1582 1267 1648; x_wconf 88' lang='lat' dir='ltr'>Orellii</span> <span class='ocrx_word' id='word_1_70' title='bbox 1314 1586 1775 1660; x_wconf 87' lang='lat' dir='ltr'>coniecturam,</span> <span class='ocrx_word' id='word_1_71' title='bbox 1826 1581 2124 1662; x_wconf 73' lang='grc' dir='ltr'><em>ἔχθοντοις</em></span> <span class='ocrx_word' id='word_1_72' title='bbox 2171 1604 2284 1668; x_wconf 92' lang='lat' dir='ltr'>pro</span> <span class='ocrx_word' id='word_1_73' title='bbox 2332 1578 2598 1661; x_wconf 75' lang='grc' dir='ltr'><em>ἔχοντας</em></span> <span class='ocrx_word' id='word_1_74' title='bbox 2645 1582 2794 1646; x_wconf 88' lang='lat' dir='ltr'>scri-</span> 
     </span>
     <span class='ocr_line' id='line_1_13' title="bbox 402 1688 1890 1773; baseline 0.002 -22"><span class='ocrx_word' id='word_1_75' title='bbox 402 1688 612 1752; x_wconf 87' lang='lat' dir='ltr'>bentis</span> <span class='ocrx_word' id='word_1_76' title='bbox 629 1737 645 1765; x_wconf 91' lang='lat'><strong>,</strong></span> <span class='ocrx_word' id='word_1_77' title='bbox 694 1709 1097 1773; x_wconf 87' lang='lat' dir='ltr'>nequaquam</span> <span class='ocrx_word' id='word_1_78' title='bbox 1144 1688 1609 1754; x_wconf 82' lang='lat' dir='ltr'>admittendam</span> <span class='ocrx_word' id='word_1_79' title='bbox 1654 1689 1890 1754; x_wconf 78' lang='lat' dir='ltr'>iudico·</span> 
     </span>
    </p>
   </div>
   <div class='ocr_carea' id='block_1_3' title="bbox 376 1899 2792 4519">
    <p class='ocr_par' dir='ltr' id='par_1_7' title="bbox 501 1899 1400 1987">
     <span class='ocr_line' id='line_1_14' title="bbox 501 1899 1400 1987; baseline -0.001 -21"><span class='ocrx_word' id='word_1_80' title='bbox 501 1902 732 1987; x_wconf 81' lang='lat' dir='ltr'>Agam.</span> <span class='ocrx_word' id='word_1_81' title='bbox 782 1899 935 1966; x_wconf 85' lang='lat'><strong>456.</strong></span> <span class='ocrx_word' id='word_1_82' title='bbox 982 1900 1146 1981; x_wconf 75' lang='lat'>(463</span> <span class='ocrx_word' id='word_1_83' title='bbox 1195 1900 1400 1981; x_wconf 81' lang='lat' dir='ltr'>Wkl.)</span> 
     </span>
    </p>

    <p class='ocr_par' dir='ltr' id='par_1_8' title="bbox 953 2006 2176 2086">
     <span class='ocr_line' id='line_1_15' title="bbox 953 2006 2176 2086; baseline 0.002 -17"><span class='ocrx_word' id='word_1_84' title='bbox 953 2007 1181 2084; x_wconf 71' lang='grc' dir='ltr'><em>βαρεῖα</em></span> <span class='ocrx_word' id='word_1_85' title='bbox 1233 2007 1283 2070; x_wconf 78' lang='grc' dir='ltr'>δ’</span> <span class='ocrx_word' id='word_1_86' title='bbox 1334 2010 1535 2070; x_wconf 71' lang='grc' dir='ltr'><em>οἰστῶν</em></span> <span class='ocrx_word' id='word_1_87' title='bbox 1582 2006 1782 2086; x_wconf 72' lang='grc' dir='ltr'><em>Φάτις</em></span> <span class='ocrx_word' id='word_1_88' title='bbox 1830 2007 1940 2071; x_wconf 81' lang='grc' dir='ltr'>σὺν</span> <span class='ocrx_word' id='word_1_89' title='bbox 1987 2006 2176 2086; x_wconf 80' lang='grc' dir='ltr'><em>κότῳ·</em></span> 
     </span>
    </p>

    <p class='ocr_par' dir='ltr' id='par_1_9' title="bbox 400 2111 2792 2703">
     <span class='ocr_line' id='line_1_16' title="bbox 952 2111 2258 2192; baseline -0.001 -16"><span class='ocrx_word' id='word_1_90' title='bbox 952 2111 1335 2189; x_wconf 72' lang='grc' dir='ltr'><em>δημοκροὶτου</em></span> <span class='ocrx_word' id='word_1_91' title='bbox 1382 2111 1439 2176; x_wconf 80' lang='grc' dir='ltr'>δ’</span> <span class='ocrx_word' id='word_1_92' title='bbox 1492 2114 1647 2187; x_wconf 71' lang='grc' dir='ltr'>ἀρᾶς</span> <span class='ocrx_word' id='word_1_93' title='bbox 1697 2113 1842 2178; x_wconf 76' lang='grc' dir='ltr'><em>τίνει</em></span> <span class='ocrx_word' id='word_1_94' title='bbox 1892 2112 2091 2192; x_wconf 79' lang='grc' dir='ltr'><em>χρέος.</em></span> <span class='ocrx_word' id='word_1_95' title='bbox 2253 2180 2258 2185; x_wconf 61' lang='grc'><strong>,</strong></span> 
     </span>
     <span class='ocr_line' id='line_1_17' title="bbox 406 2217 2792 2303; baseline 0 -22"><span class='ocrx_word' id='word_1_96' title='bbox 406 2218 485 2281; x_wconf 90' lang='grc'>111</span> <span class='ocrx_word' id='word_1_97' title='bbox 546 2220 751 2301; x_wconf 90' lang='lat' dir='ltr'>priore</span> <span class='ocrx_word' id='word_1_98' title='bbox 815 2238 1005 2295; x_wconf 83' lang='lat' dir='ltr'>versu</span> <span class='ocrx_word' id='word_1_99' title='bbox 1062 2217 1455 2283; x_wconf 86' lang='lat' dir='ltr'>desideratur</span> <span class='ocrx_word' id='word_1_100' title='bbox 1502 2218 1860 2303; x_wconf 84' lang='lat' dir='ltr'>designatio</span> <span class='ocrx_word' id='word_1_101' title='bbox 1907 2239 2212 2303; x_wconf 88' lang='lat' dir='ltr'>personae</span> <span class='ocrx_word' id='word_1_102' title='bbox 2257 2220 2364 2282; x_wconf 86' lang='lat' dir='ltr'>cui</span> <span class='ocrx_word' id='word_1_103' title='bbox 2408 2219 2649 2281; x_wconf 87' lang='lat' dir='ltr'>civium</span> <span class='ocrx_word' id='word_1_104' title='bbox 2694 2219 2792 2281; x_wconf 87' lang='lat' dir='ltr'>ira</span> 
     </span>
     <span class='ocr_line' id='line_1_18' title="bbox 402 2321 2791 2409; baseline -0 -23"><span class='ocrx_word' id='word_1_105' title='bbox 402 2326 629 2409; x_wconf 82' lang='lat' dir='ltr'>gravis</span> <span class='ocrx_word' id='word_1_106' title='bbox 675 2325 759 2386; x_wconf 91' lang='lat' dir='ltr'>sit</span> <span class='ocrx_word' id='word_1_107' title='bbox 808 2329 870 2387; x_wconf 91' lang='lat' dir='ltr'>et</span> <span class='ocrx_word' id='word_1_108' title='bbox 918 2344 993 2387; x_wconf 85' lang='lat' dir='ltr'>ex</span> <span class='ocrx_word' id='word_1_109' title='bbox 1044 2322 1259 2387; x_wconf 87' lang='lat' dir='ltr'>altero</span> <span class='ocrx_word' id='word_1_110' title='bbox 1291 2344 1418 2387; x_wconf 90' lang='lat' dir='ltr'>non</span> <span class='ocrx_word' id='word_1_111' title='bbox 1461 2323 1663 2407; x_wconf 84' lang='lat' dir='ltr'>liquet</span> <span class='ocrx_word' id='word_1_112' title='bbox 1711 2326 1856 2406; x_wconf 93' lang='lat' dir='ltr'>quis</span> <span class='ocrx_word' id='word_1_113' title='bbox 1881 2322 2014 2387; x_wconf 86' lang='grc'><strong>’1116</strong></span> <span class='ocrx_word' id='word_1_114' title='bbox 2061 2326 2148 2387; x_wconf 88' lang='lat' dir='ltr'>sit</span> <span class='ocrx_word' id='word_1_115' title='bbox 2193 2325 2305 2407; x_wconf 90' lang='lat' dir='ltr'>qui</span> <span class='ocrx_word' id='word_1_116' title='bbox 2343 2343 2576 2407; x_wconf 88' lang='lat' dir='ltr'>poenas</span> <span class='ocrx_word' id='word_1_117' title='bbox 2613 2321 2791 2386; x_wconf 87' lang='lat' dir='ltr'>luere</span> 
     </span>
     <span class='ocr_line' id='line_1_19' title="bbox 404 2427 2788 2512; baseline -0 -20"><span class='ocrx_word' id='word_1_118' title='bbox 404 2429 652 2494; x_wconf 86' lang='lat' dir='ltr'>debeat.</span> <span class='ocrx_word' id='word_1_119' title='bbox 702 2427 843 2491; x_wconf 89' lang='lat' dir='ltr'>Una</span> <span class='ocrx_word' id='word_1_120' title='bbox 889 2428 1205 2493; x_wconf 88' lang='lat' dir='ltr'>medicina</span> <span class='ocrx_word' id='word_1_121' title='bbox 1252 2428 1517 2503; x_wconf 88' lang='lat' dir='ltr'>sufficit,</span> <span class='ocrx_word' id='word_1_122' title='bbox 1567 2449 1718 2492; x_wconf 91' lang='lat' dir='ltr'>nam</span> <span class='ocrx_word' id='word_1_123' title='bbox 1767 2431 1820 2491; x_wconf 88' lang='lat' dir='ltr'>si</span> <span class='ocrx_word' id='word_1_124' title='bbox 1866 2431 2065 2512; x_wconf 85' lang='lat' dir='ltr'>priori</span> <span class='ocrx_word' id='word_1_125' title='bbox 2111 2431 2329 2493; x_wconf 84' lang='lat' dir='ltr'>versui</span> <span class='ocrx_word' id='word_1_126' title='bbox 2365 2427 2788 2505; x_wconf 84' lang='lat' dir='ltr'>medebimur,</span> 
     </span>
     <span class='ocr_line' id='line_1_20' title="bbox 403 2532 2788 2618; baseline -0 -21"><span class='ocrx_word' id='word_1_127' title='bbox 403 2533 607 2598; x_wconf 88' lang='lat' dir='ltr'>simul</span> <span class='ocrx_word' id='word_1_128' title='bbox 669 2533 829 2597; x_wconf 87' lang='lat' dir='ltr'>alter</span> <span class='ocrx_word' id='word_1_129' title='bbox 889 2539 1145 2598; x_wconf 87' lang='lat' dir='ltr'>sanatus</span> <span class='ocrx_word' id='word_1_130' title='bbox 1192 2536 1350 2611; x_wconf 85' lang='lat' dir='ltr'>erit,</span> <span class='ocrx_word' id='word_1_131' title='bbox 1403 2553 1604 2618; x_wconf 88' lang='lat' dir='ltr'>quum</span> <span class='ocrx_word' id='word_1_132' title='bbox 1649 2534 1823 2597; x_wconf 89' lang='lat' dir='ltr'>idem</span> <span class='ocrx_word' id='word_1_133' title='bbox 1866 2532 2015 2610; x_wconf 86' lang='lat' dir='ltr'>ille,</span> <span class='ocrx_word' id='word_1_134' title='bbox 2066 2536 2177 2616; x_wconf 92' lang='lat' dir='ltr'>qui</span> <span class='ocrx_word' id='word_1_135' title='bbox 2222 2535 2508 2611; x_wconf 88' lang='lat' dir='ltr'>invisus,</span> <span class='ocrx_word' id='word_1_136' title='bbox 2555 2552 2788 2617; x_wconf 88' lang='lat' dir='ltr'>poenas</span> 
     </span>
     <span class='ocr_line' id='line_1_21' title="bbox 400 2640 822 2703; baseline -0.005 0"><span class='ocrx_word' id='word_1_137' title='bbox 400 2640 671 2703; x_wconf 87' lang='lat' dir='ltr'>daturus</span> <span class='ocrx_word' id='word_1_138' title='bbox 718 2641 822 2702; x_wconf 90' lang='lat' dir='ltr'>sit.</span> 
     </span>
    </p>

    <p class='ocr_par' dir='ltr' id='par_1_10' title="bbox 392 2744 2790 3358">
     <span class='ocr_line' id='line_1_22' title="bbox 492 2744 2785 2831; baseline 0 -23"><span class='ocrx_word' id='word_1_139' title='bbox 492 2745 551 2808; x_wconf 79' lang='lat' dir='ltr'>E</span> <span class='ocrx_word' id='word_1_140' title='bbox 596 2745 1003 2829; x_wconf 81' lang='lat' dir='ltr'>praecedente</span> <span class='ocrx_word' id='word_1_141' title='bbox 1052 2745 1311 2830; x_wconf 84' lang='lat' dir='ltr'>stropha</span> <span class='ocrx_word' id='word_1_142' title='bbox 1356 2747 1578 2810; x_wconf 86' lang='lat' dir='ltr'>statim</span> <span class='ocrx_word' id='word_1_143' title='bbox 1619 2744 1987 2830; x_wconf 82' lang='lat' dir='ltr'>colligimus</span> <span class='ocrx_word' id='word_1_144' title='bbox 2024 2748 2191 2812; x_wconf 88' lang='lat' dir='ltr'>iram</span> <span class='ocrx_word' id='word_1_145' title='bbox 2231 2748 2477 2811; x_wconf 84' lang='lat' dir='ltr'>civium</span> <span class='ocrx_word' id='word_1_146' title='bbox 2516 2748 2586 2809; x_wconf 93' lang='lat' dir='ltr'>in</span> <span class='ocrx_word' id='word_1_147' title='bbox 2622 2748 2785 2831; x_wconf 90' lang='lat' dir='ltr'>prin·</span> 
     </span>
     <span class='ocr_line' id='line_1_23' title="bbox 392 2851 2788 2936; baseline 0 -22"><span class='ocrx_word' id='word_1_148' title='bbox 392 2853 613 2935; x_wconf 83' lang='lat' dir='ltr'>cipem</span> <span class='ocrx_word' id='word_1_149' title='bbox 672 2851 1051 2936; x_wconf 82' lang='lat' dir='ltr'>significari,</span> <span class='ocrx_word' id='word_1_150' title='bbox 1118 2857 1182 2916; x_wconf 91' lang='lat' dir='ltr'>et</span> <span class='ocrx_word' id='word_1_151' title='bbox 1243 2854 1361 2916; x_wconf 91' lang='lat' dir='ltr'>hoc</span> <span class='ocrx_word' id='word_1_152' title='bbox 1421 2855 1638 2935; x_wconf 90' lang='lat' dir='ltr'>ipsum</span> <span class='ocrx_word' id='word_1_153' title='bbox 1698 2851 2120 2930; x_wconf 79' lang='lat' dir='ltr'>vocabulum,</span> <span class='ocrx_word' id='word_1_154' title='bbox 2185 2853 2448 2930; x_wconf 74' lang='grc' dir='ltr'><em>κοίρανος</em></span> <span class='ocrx_word' id='word_1_155' title='bbox 2506 2851 2614 2918; x_wconf 85' lang='lat' dir='ltr'>vel</span> <span class='ocrx_word' id='word_1_156' title='bbox 2660 2852 2788 2916; x_wconf 78' lang='grc' dir='ltr'><strong><em>δεσ-</em></strong></span> 
     </span>
     <span class='ocr_line' id='line_1_24' title="bbox 394 2955 2788 3043; baseline 0.001 -25"><span class='ocrx_word' id='word_1_157' title='bbox 394 2955 597 3028; x_wconf 79' lang='grc' dir='ltr'><em>πότης</em></span> <span class='ocrx_word' id='word_1_158' title='bbox 618 3003 633 3033; x_wconf 83' lang='lat'>‚</span> <span class='ocrx_word' id='word_1_159' title='bbox 685 2959 883 3041; x_wconf 80' lang='lat' dir='ltr'>priori</span> <span class='ocrx_word' id='word_1_160' title='bbox 940 2960 1159 3022; x_wconf 84' lang='lat' dir='ltr'>versui</span> <span class='ocrx_word' id='word_1_161' title='bbox 1220 2957 1445 3022; x_wconf 84' lang='lat' dir='ltr'>addere</span> <span class='ocrx_word' id='word_1_162' title='bbox 1502 2957 1805 3022; x_wconf 90' lang='lat' dir='ltr'>debemus</span> <span class='ocrx_word' id='word_1_163' title='bbox 1853 2964 1926 3022; x_wconf 88' lang='lat' dir='ltr'>ut</span> <span class='ocrx_word' id='word_1_164' title='bbox 1975 2960 2160 3023; x_wconf 87' lang='lat' dir='ltr'>alteri</span> <span class='ocrx_word' id='word_1_165' title='bbox 2209 2958 2623 3043; x_wconf 86' lang='lat' dir='ltr'>opitulemur.</span> <span class='ocrx_word' id='word_1_166' title='bbox 2695 2957 2788 3022; x_wconf 91' lang='lat' dir='ltr'>Ac</span> 
     </span>
     <span class='ocr_line' id='line_1_25' title="bbox 392 3061 2784 3146; baseline -0 -20"><span class='ocrx_word' id='word_1_167' title='bbox 392 3061 590 3126; x_wconf 83' lang='lat' dir='ltr'>facile</span> <span class='ocrx_word' id='word_1_168' title='bbox 633 3062 779 3126; x_wconf 85' lang='lat' dir='ltr'>addi</span> <span class='ocrx_word' id='word_1_169' title='bbox 825 3068 1065 3146; x_wconf 87' lang='lat' dir='ltr'>potest,</span> <span class='ocrx_word' id='word_1_170' title='bbox 1106 3084 1257 3126; x_wconf 90' lang='lat' dir='ltr'>nam</span> <span class='ocrx_word' id='word_1_171' title='bbox 1295 3063 1373 3127; x_wconf 89' lang='lat' dir='ltr'>ad</span> <span class='ocrx_word' id='word_1_172' title='bbox 1411 3063 1814 3128; x_wconf 88' lang='lat' dir='ltr'>indicandam</span> <span class='ocrx_word' id='word_1_173' title='bbox 1853 3067 2098 3128; x_wconf 79' lang='lat' dir='ltr'>civium</span> <span class='ocrx_word' id='word_1_174' title='bbox 2136 3066 2304 3128; x_wconf 89' lang='lat' dir='ltr'>iram</span> <span class='ocrx_word' id='word_1_175' title='bbox 2344 3065 2546 3127; x_wconf 70' lang='grc' dir='ltr'><em>οἰστῶν</em></span> <span class='ocrx_word' id='word_1_176' title='bbox 2587 3063 2784 3137; x_wconf 73' lang='grc' dir='ltr'><em>Φοέτις</em></span> 
     </span>
     <span class='ocr_line' id='line_1_26' title="bbox 400 3167 2790 3254; baseline 0.001 -22"><span class='ocrx_word' id='word_1_177' title='bbox 400 3169 666 3232; x_wconf 84' lang='grc'><strong>0111111110</strong></span> <span class='ocrx_word' id='word_1_178' title='bbox 729 3167 994 3245; x_wconf 80' lang='lat' dir='ltr'>sufficit3</span> <span class='ocrx_word' id='word_1_179' title='bbox 1058 3169 1251 3233; x_wconf 84' lang='lat' dir='ltr'>verba</span> <span class='ocrx_word' id='word_1_180' title='bbox 1300 3168 1409 3232; x_wconf 83' lang='grc' dir='ltr'>σὺν</span> <span class='ocrx_word' id='word_1_181' title='bbox 1460 3169 1611 3248; x_wconf 84' lang='grc' dir='ltr'><strong><em>κότῳ</em></strong></span> <span class='ocrx_word' id='word_1_182' title='bbox 1659 3189 1776 3253; x_wconf 90' lang='lat' dir='ltr'>pro</span> <span class='ocrx_word' id='word_1_183' title='bbox 1823 3169 2036 3254; x_wconf 84' lang='lat' dir='ltr'>glossa</span> <span class='ocrx_word' id='word_1_184' title='bbox 2084 3168 2404 3246; x_wconf 87' lang='lat' dir='ltr'>habenda,</span> <span class='ocrx_word' id='word_1_185' title='bbox 2458 3190 2496 3233; x_wconf 86' lang='grc'><strong>6·</strong></span> <span class='ocrx_word' id='word_1_186' title='bbox 2537 3189 2790 3253; x_wconf 88' lang='lat' dir='ltr'>compa·</span> 
     </span>
     <span class='ocr_line' id='line_1_27' title="bbox 394 3274 1675 3358; baseline 0.002 -22"><span class='ocrx_word' id='word_1_187' title='bbox 394 3275 653 3337; x_wconf 84' lang='lat' dir='ltr'>ratione</span> <span class='ocrx_word' id='word_1_188' title='bbox 698 3274 993 3358; x_wconf 83' lang='lat' dir='ltr'>strophae</span> <span class='ocrx_word' id='word_1_189' title='bbox 1042 3274 1470 3339; x_wconf 86' lang='lat' dir='ltr'>antecedentis</span> <span class='ocrx_word' id='word_1_190' title='bbox 1518 3280 1675 3339; x_wconf 88' lang='lat' dir='ltr'>orta.</span> 
     </span>
    </p>

    <p class='ocr_par' dir='ltr' id='par_1_11' title="bbox 495 3378 1395 3464">
     <span class='ocr_line' id='line_1_28' title="bbox 495 3378 1395 3464; baseline 0.002 -22"><span class='ocrx_word' id='word_1_191' title='bbox 495 3378 870 3464; x_wconf 82' lang='lat' dir='ltr'>Legendum</span> <span class='ocrx_word' id='word_1_192' title='bbox 915 3400 1049 3444; x_wconf 90' lang='lat' dir='ltr'>esse</span> <span class='ocrx_word' id='word_1_193' title='bbox 1095 3382 1395 3445; x_wconf 83' lang='lat' dir='ltr'>existimo</span> 
     </span>
    </p>

    <p class='ocr_par' dir='ltr' id='par_1_12' title="bbox 948 3483 2135 3565">
     <span class='ocr_line' id='line_1_29' title="bbox 948 3483 2135 3565; baseline 0 -17"><span class='ocrx_word' id='word_1_194' title='bbox 948 3484 1178 3562; x_wconf 69' lang='grc' dir='ltr'><em>βαρεῖα</em></span> <span class='ocrx_word' id='word_1_195' title='bbox 1229 3484 1279 3548; x_wconf 76' lang='grc' dir='ltr'>δ’</span> <span class='ocrx_word' id='word_1_196' title='bbox 1328 3487 1528 3550; x_wconf 70' lang='grc' dir='ltr'><em>ἀστῶν</em></span> <span class='ocrx_word' id='word_1_197' title='bbox 1576 3487 1776 3565; x_wconf 71' lang='grc' dir='ltr'><em>φάτις</em></span> <span class='ocrx_word' id='word_1_198' title='bbox 1826 3483 2135 3563; x_wconf 69' lang='grc' dir='ltr'>δεσπότᾳ·</span> 
     </span>
    </p>

    <p class='ocr_par' dir='ltr' id='par_1_13' title="bbox 390 3588 2791 3992">
     <span class='ocr_line' id='line_1_30' title="bbox 947 3588 2049 3670; baseline 0.001 -17"><span class='ocrx_word' id='word_1_199' title='bbox 947 3588 1302 3665; x_wconf 76' lang='grc' dir='ltr'><em>ὃημοοροὶτου</em></span> <span class='ocrx_word' id='word_1_200' title='bbox 1349 3592 1401 3656; x_wconf 78' lang='grc' dir='ltr'>δ’</span> <span class='ocrx_word' id='word_1_201' title='bbox 1448 3592 1604 3668; x_wconf 75' lang='grc' dir='ltr'>οὶροῖς</span> <span class='ocrx_word' id='word_1_202' title='bbox 1652 3591 1800 3654; x_wconf 82' lang='grc' dir='ltr'><em>τίνει</em></span> <span class='ocrx_word' id='word_1_203' title='bbox 1848 3591 2049 3670; x_wconf 79' lang='grc' dir='ltr'><em>χρέος.</em></span> 
     </span>
     <span class='ocr_line' id='line_1_31' title="bbox 394 3693 2791 3782; baseline 0.002 -25"><span class='ocrx_word' id='word_1_204' title='bbox 394 3693 587 3772; x_wconf 78' lang='lat' dir='ltr'>Quod</span> <span class='ocrx_word' id='word_1_205' title='bbox 644 3697 899 3759; x_wconf 89' lang='lat' dir='ltr'>omnino</span> <span class='ocrx_word' id='word_1_206' title='bbox 964 3696 1040 3760; x_wconf 89' lang='lat' dir='ltr'>de</span> <span class='ocrx_word' id='word_1_207' title='bbox 1098 3711 1343 3780; x_wconf 78' lang='lat' dir='ltr'>genere·</span> <span class='ocrx_word' id='word_1_208' title='bbox 1395 3698 1898 3781; x_wconf 84' lang='lat' dir='ltr'>praestantibus,</span> <span class='ocrx_word' id='word_1_209' title='bbox 1963 3718 2091 3761; x_wconf 94' lang='lat' dir='ltr'>non</span> <span class='ocrx_word' id='word_1_210' title='bbox 2141 3697 2216 3761; x_wconf 92' lang='lat' dir='ltr'>de</span> <span class='ocrx_word' id='word_1_211' title='bbox 2262 3699 2401 3782; x_wconf 88' lang='lat' dir='ltr'>ipsa</span> <span class='ocrx_word' id='word_1_212' title='bbox 2446 3697 2791 3782; x_wconf 82' lang='lat' dir='ltr'>Agamem-</span> 
     </span>
     <span class='ocr_line' id='line_1_32' title="bbox 390 3797 2785 3886; baseline 0 -22"><span class='ocrx_word' id='word_1_213' title='bbox 390 3801 587 3864; x_wconf 88' lang='lat' dir='ltr'>nonis</span> <span class='ocrx_word' id='word_1_214' title='bbox 646 3797 909 3883; x_wconf 83' lang='lat' dir='ltr'>persona</span> <span class='ocrx_word' id='word_1_215' title='bbox 971 3801 1218 3865; x_wconf 87' lang='lat' dir='ltr'>dictum</span> <span class='ocrx_word' id='word_1_216' title='bbox 1282 3822 1415 3866; x_wconf 89' lang='lat' dir='ltr'>esse</span> <span class='ocrx_word' id='word_1_217' title='bbox 1477 3807 1682 3886; x_wconf 88' lang='lat' dir='ltr'>putes.</span> <span class='ocrx_word' id='word_1_218' title='bbox 1751 3803 1965 3867; x_wconf 90' lang='lat' dir='ltr'>Possis</span> <span class='ocrx_word' id='word_1_219' title='bbox 2015 3804 2211 3866; x_wconf 89' lang='lat' dir='ltr'>etiam</span> <span class='ocrx_word' id='word_1_220' title='bbox 2259 3804 2564 3866; x_wconf 89' lang='grc'><strong>6611116616</strong></span> <span class='ocrx_word' id='word_1_221' title='bbox 2611 3801 2785 3872; x_wconf 81' lang='grc' dir='ltr'><em>κότος</em></span> 
     </span>
     <span class='ocr_line' id='line_1_33' title="bbox 392 3904 1704 3992; baseline 0.001 -23"><span class='ocrx_word' id='word_1_222' title='bbox 392 3904 686 3984; x_wconf 53' lang='lat' dir='ltr'>nomam,</span> <span class='ocrx_word' id='word_1_223' title='bbox 737 3905 905 3990; x_wconf 91' lang='lat' dir='ltr'>quod</span> <span class='ocrx_word' id='word_1_224' title='bbox 955 3912 1169 3971; x_wconf 89' lang='lat' dir='ltr'>tamen</span> <span class='ocrx_word' id='word_1_225' title='bbox 1213 3910 1429 3973; x_wconf 90' lang='lat' dir='ltr'>minus</span> <span class='ocrx_word' id='word_1_226' title='bbox 1477 3906 1704 3992; x_wconf 88' lang='lat' dir='ltr'>placet.</span> 
     </span>
    </p>

    <p class='ocr_par' dir='ltr' id='par_1_14' title="bbox 376 4009 2783 4519">
     <span class='ocr_line' id='line_1_34' title="bbox 496 4009 2781 4097; baseline 0.001 -23"><span class='ocrx_word' id='word_1_227' title='bbox 496 4009 755 4093; x_wconf 89' lang='lat' dir='ltr'>Optime</span> <span class='ocrx_word' id='word_1_228' title='bbox 802 4009 877 4074; x_wconf 92' lang='lat' dir='ltr'>de</span> <span class='ocrx_word' id='word_1_229' title='bbox 924 4010 1042 4074; x_wconf 94' lang='lat' dir='ltr'>hoc</span> <span class='ocrx_word' id='word_1_230' title='bbox 1089 4011 1227 4076; x_wconf 90' lang='lat' dir='ltr'>loco</span> <span class='ocrx_word' id='word_1_231' title='bbox 1277 4012 1633 4097; x_wconf 87' lang='lat' dir='ltr'>disputavit</span> <span class='ocrx_word' id='word_1_232' title='bbox 1677 4013 1891 4091; x_wconf 82' lang='lat' dir='ltr'>Keck3</span> <span class='ocrx_word' id='word_1_233' title='bbox 1943 4016 2209 4078; x_wconf 88' lang='lat' dir='ltr'>coniecit</span> <span class='ocrx_word' id='word_1_234' title='bbox 2255 4012 2451 4093; x_wconf 68' lang='grc' dir='ltr'><em>φάτις</em></span> <span class='ocrx_word' id='word_1_235' title='bbox 2493 4012 2781 4092; x_wconf 60' lang='lat' dir='ltr'>amam,</span> 
     </span>
     <span class='ocr_line' id='line_1_35' title="bbox 391 4115 2782 4202; baseline 0.002 -23"><span class='ocrx_word' id='word_1_236' title='bbox 391 4115 575 4200; x_wconf 88' lang='lat' dir='ltr'>quod</span> <span class='ocrx_word' id='word_1_237' title='bbox 642 4116 1059 4180; x_wconf 81' lang='lat' dir='ltr'>reficiendum</span> <span class='ocrx_word' id='word_1_238' title='bbox 1132 4139 1351 4182; x_wconf 89' lang='lat' dir='ltr'>censeo</span> <span class='ocrx_word' id='word_1_239' title='bbox 1371 4167 1386 4195; x_wconf 91' lang='lat'><strong><em>,</em></strong></span> <span class='ocrx_word' id='word_1_240' title='bbox 1462 4139 1665 4202; x_wconf 89' lang='lat' dir='ltr'>quum</span> <span class='ocrx_word' id='word_1_241' title='bbox 1727 4140 1856 4183; x_wconf 82' lang='lat' dir='ltr'>vox</span> <span class='ocrx_word' id='word_1_242' title='bbox 1918 4119 2206 4190; x_wconf 77' lang='grc' dir='ltr'><em>δύσκοτος</em></span> <span class='ocrx_word' id='word_1_243' title='bbox 2270 4124 2584 4202; x_wconf 88' lang='lat' dir='ltr'>quantum</span> <span class='ocrx_word' id='word_1_244' title='bbox 2653 4122 2782 4184; x_wconf 91' lang='lat' dir='ltr'>scio</span> 
     </span>
     <span class='ocr_line' id='line_1_36' title="bbox 384 4220 2783 4308; baseline 0.001 -22"><span class='ocrx_word' id='word_1_245' title='bbox 384 4220 583 4286; x_wconf 86' lang='lat' dir='ltr'>nulla</span> <span class='ocrx_word' id='word_1_246' title='bbox 645 4224 1020 4286; x_wconf 82' lang='lat' dir='ltr'>auctoritate</span> <span class='ocrx_word' id='word_1_247' title='bbox 1084 4221 1407 4299; x_wconf 88' lang='lat' dir='ltr'>fulciatur,</span> <span class='ocrx_word' id='word_1_248' title='bbox 1471 4245 1673 4307; x_wconf 89' lang='lat' dir='ltr'>neque</span> <span class='ocrx_word' id='word_1_249' title='bbox 1739 4224 2030 4308; x_wconf 83' lang='lat' dir='ltr'>analogia</span> <span class='ocrx_word' id='word_1_250' title='bbox 2085 4223 2584 4301; x_wconf 88' lang='lat' dir='ltr'>commendetur,</span> <span class='ocrx_word' id='word_1_251' title='bbox 2633 4245 2783 4289; x_wconf 87' lang='lat' dir='ltr'>nam</span> 
     </span>
     <span class='ocr_line' id='line_1_37' title="bbox 386 4325 2781 4414; baseline 0 -22"><span class='ocrx_word' id='word_1_252' title='bbox 386 4325 727 4403; x_wconf 74' lang='grc' dir='ltr'><em>δύσοργος,</em></span> <span class='ocrx_word' id='word_1_253' title='bbox 771 4326 1106 4403; x_wconf 73' lang='grc' dir='ltr'><em>δυσμενής,</em></span> <span class='ocrx_word' id='word_1_254' title='bbox 1149 4327 1442 4404; x_wconf 76' lang='grc' dir='ltr'><em>δύο-μηνις</em></span> <span class='ocrx_word' id='word_1_255' title='bbox 1481 4328 1877 4414; x_wconf 80' lang='lat' dir='ltr'>significant:</span> <span class='ocrx_word' id='word_1_256' title='bbox 1930 4328 2114 4394; x_wconf 86' lang='lat' dir='ltr'>valde</span> <span class='ocrx_word' id='word_1_257' title='bbox 2159 4332 2395 4406; x_wconf 88' lang='lat' dir='ltr'>iratus,</span> <span class='ocrx_word' id='word_1_258' title='bbox 2445 4331 2781 4407; x_wconf 88' lang='lat' dir='ltr'>inimicus,</span> 
     </span>
     <span class='ocr_line' id='line_1_38' title="bbox 376 4430 2781 4519; baseline 0 -20"><span class='ocrx_word' id='word_1_259' title='bbox 376 4430 772 4508; x_wconf 86' lang='lat' dir='ltr'>iracundus,</span> <span class='ocrx_word' id='word_1_260' title='bbox 836 4434 1019 4498; x_wconf 93' lang='lat' dir='ltr'>cuius</span> <span class='ocrx_word' id='word_1_261' title='bbox 1085 4435 1305 4519; x_wconf 84' lang='lat' dir='ltr'>gravis</span> <span class='ocrx_word' id='word_1_262' title='bbox 1368 4438 1465 4500; x_wconf 84' lang='lat' dir='ltr'>est</span> <span class='ocrx_word' id='word_1_263' title='bbox 1535 4436 1631 4498; x_wconf 88' lang='lat' dir='ltr'>ira</span> <span class='ocrx_word' id='word_1_264' title='bbox 1648 4455 1664 4511; x_wconf 83' lang='lat'><em>3</em></span> <span class='ocrx_word' id='word_1_265' title='bbox 1720 4434 2006 4506; x_wconf 76' lang='grc' dir='ltr'><em>δύσκοτος</em></span> <span class='ocrx_word' id='word_1_266' title='bbox 2055 4440 2270 4500; x_wconf 88' lang='lat' dir='ltr'>contra</span> <span class='ocrx_word' id='word_1_267' title='bbox 2315 4436 2421 4500; x_wconf 91' lang='lat' dir='ltr'>hic</span> <span class='ocrx_word' id='word_1_268' title='bbox 2466 4434 2781 4500; x_wconf 89' lang='grc'><strong>(1166161111</strong></span> 
     </span>
    </p>
   </div>
  </div>
 </body>
</html>
