3351 5463
1259 416 1695 466 murmanus.
2530 394 2663 463 379

278 603 389 667 pro
452 581 598 646 τίνα
659 582 963 647 exhibent
1023 581 1085 647 D
1147 588 1212 653 et
1271 582 1398 648 duo
1461 581 1574 647 alii
1591 628 1610 659 ,
1682 582 1798 646 ubi
1860 579 2053 647 ἄλλον
2115 602 2195 645 ex
2254 582 2549 667 margine
2594 582 2666 644 in

279 691 534 753 textum
578 690 909 772 irrepsisse
953 687 1230 754 videtur.
1281 686 1600 753 Similiter
1641 708 1707 771 p.
1754 684 1945 752 5271)
1994 685 2175 765 (364,
2201 684 2316 767 24)
2365 686 2529 751 οὐδὲν
2570 682 2668 751 οὖν
2796 664 2799 671 ’

280 814 392 878 pro
457 792 644 869 οὐδὲν,
719 790 903 858 5270
953 791 1148 873 (366,
1183 790 1292 873 11)
1353 791 1390 867 ἢ
1454 790 1561 856 καὶ
1621 796 1743 855 τῶν
1803 811 1920 876 pro
1976 791 2012 867 ἢ
2062 797 2200 855 τῶν.
2262 791 2393 857 Nec
2439 791 2669 857 desunt

281 896 794 983 interpolationis
832 900 904 961 in
938 918 1157 963 omnes
1183 896 1428 963 codices
1451 900 1838 982 propagatae
1862 894 2177 981 exempla,
2202 895 2385 962 velut
2407 918 2470 981 p.
2502 893 2631 961 10¹7
2644 895 2679 958 f

284 1002 464 1083 (263,
495 1002 628 1083 10),
675 1001 856 1067 1150
895 1001 1076 1082 (281,
1109 998 1220 1083 17)
1255 1002 1372 1067 nbi
1411 1000 1733 1081 νομίζομεν
1772 1000 2085 1082 (νομίζειν)
2124 1002 2292 1087 quod
2331 1003 2669 1087 participio

157 1156 162 1163 .
285 1106 813 1181 τετελευτηκότας
859 1107 1148 1173 adhaesit
1191 1106 1535 1172 delendum
1582 1111 1682 1171 est
1723 1111 1800 1171 ut
1844 1105 2169 1193 glossema
2206 1106 2287 1171 ad
2327 1106 2669 1184 ἡγούμεθα.

285 1212 540 1279 Similia
576 1212 966 1299 glossemata
1009 1211 1201 1298 paulo
1242 1202 1392 1297 post
1425 1210 1611 1292 (281,
1636 1210 1727 1275 20
1760 1216 1826 1277 et
1864 1210 1981 1291 23)
2016 1210 2284 1277 sustulit
2328 1210 2670 1297 Sauppius.

284 1317 676 1403 Interpolata
730 1319 903 1383 enim
957 1319 1027 1383 in
1079 1319 1198 1384 hoc
1249 1316 1469 1383 libello
1523 1322 1674 1381 sunt
1726 1315 2028 1402 plurima.
2082 1316 2209 1382 Sed
2262 1318 2343 1382 cf.
2383 1339 2447 1402 p.
2486 1315 2619 1383 475
2639 1336 2673 1383 e

285 1423 404 1504 (III
463 1423 620 1501 235,
647 1422 785 1504 23),
833 1423 949 1489 ubi
1007 1443 1226 1489 omnes
1287 1422 1531 1488 codices
1590 1424 1795 1487 nostri
1840 1421 2218 1502 κατηγόρους
2258 1426 2519 1487 Ἄνυτον
2566 1420 2672 1487 καὶ

286 1527 574 1603 ,Μέλητον
611 1529 936 1615 praebent.
983 1526 1638 1613 Interpretamentum
1677 1529 1895 1613 arguit
1930 1526 2241 1593 Stobaeus
2280 1534 2369 1613 (p.
2413 1527 2541 1593 161
2576 1528 2673 1592 ed'.

287 1632 658 1714 Wachsm.).
719 1632 1238 1719 Interpolationis
1299 1632 1494 1718 paulo
1538 1632 1895 1698 audacioris
1942 1632 2314 1719 exemplum
2358 1636 2677 1720 insignius

287 1741 616 1805 invenitur
674 1761 742 1825 p.
798 1736 994 1805 4¹71d
1053 1737 1236 1820 (225,
1267 1738 1415 1819 12);
1489 1737 1622 1804 οὐδὲ
1691 1739 1819 1817 γὰρ
1884 1739 1911 1803 ὃ
1973 1736 2243 1815 τοξεύειν
2303 1741 2387 1820 τῷ
2451 1739 2676 1821 ἀρότρῳ

289 1844 659 1923 βουλόμενος
709 1844 812 1909 καὶ
862 1845 948 1925 τῶ
992 1841 1106 1922 βοῒ
1147 1844 1250 1910 τὸν
1299 1844 1548 1920 λαγωὸν
1596 1852 1953 1920 κυνηγετεῖν
1994 1842 2311 1925 δυστυχής
2352 1846 2517 1909 ἔστιν
2553 1844 2677 1909 οὐδ’

290 1951 317 2015 ὃ
377 1952 628 2032 γρίφοις
691 1949 796 2015 καὶ
860 1951 1172 2027 σαγήναις
1237 1951 1514 2031 ἐλάφους
1577 1952 1667 2025 μή
1732 1949 2081 2028 λαμβάνων
2132 1950 2259 2015 οὐδ’
2309 1947 2395 2022 οἷς
2440 1952 2678 2029 δαίμων

295 2058 398 2120 οὐκ
447 2058 832 2121 ἐναντιοῦται
879 2054 1222 2137 μοχθηρός,
1269 2056 1421 2121 ἀλλ’
1467 2054 1812 2133 οἱβελτερία
1864 2055 1969 2119 καὶ
2016 2057 2216 2134 μωρία
2266 2064 2395 2127 τοῖς
2457 2054 2679 2120 ἀδυνά-

294 2183 418 2232 τοις
473 2162 872 2242 ἐπιχειροῦσα
891 2208 908 2238 ,
956 2160 1073 2226 ubi
1118 2163 1174 2224 si
1218 2161 1650 2240 ἐπιχειροῦσα,
1688 2160 1873 2249 ,quod
1916 2159 2180 2226 Reiskio
2230 2161 2514 2238 debetur,
2562 2182 2677 2246 pro

297 2267 672 2347 ἐπιχειροῦσι
743 2268 1020 2350 excipis,
1089 2270 1300 2331 cetera
1361 2265 1492 2331 fere
1553 2268 1773 2331 omnia
1834 2266 2029 2333 codex
2096 2266 2155 2331 D
2226 2266 2517 2331 exhibet:
2591 2300 2677 2314 -—

295 2371 424 2437 οὐδὲ
490 2374 578 2450 τῷ
639 2370 888 2450 γρίφοις
953 2372 1054 2435 καὶ
1121 2371 1432 2448 σαγήναις
1479 2369 1759 2450 ἐλάφους
1812 2373 1900 2446 μή
1945 2372 2344 2451 λαμβάνοντι
2391 2371 2546 2449 μηδὲ
2586 2366 2678 2444 εἷς

299 2472 412 2555 (οἷς
455 2475 654 2541 codex
697 2474 782 2555 E)
846 2474 1077 2551 δαίμων
1140 2476 1520 2541 ἐναντιοῦται
1584 2474 1889 2555 μοχθηρός
1907 2524 1925 2554 ,
1972 2478 2121 2541 ἁλλ’
2171 2477 2517 2559 ἀβελτερίᾳ
2562 2478 2682 2555 (ita

294 2578 376 2645 Vl
455 2602 574 2666 pro
654 2580 1008 2663 ἀβελτηρία
1082 2586 1194 2647 aut
1274 2579 1652 2659 ἄβελτηρία)
1733 2580 1835 2644 καὶ
1907 2582 2107 2664 μωρία
2175 2584 2296 2662 (ita
2364 2580 2493 2647 V¹·²
2560 2602 2678 2665 pro

303 2687 499 2767 μωρία
546 2690 661 2753 aut
707 2684 1042 2767 μοχθηρία)
1090 2694 1219 2758 τοῖς
1268 2684 1590 2758 &amaram
1637 2687 2043 2768 ἐπιχειροῦσιν
2090 2690 2185 2753 ita
2229 2689 2423 2755 ceteri
2461 2708 2681 2755 omnes

298 2799 546 2877 praeter
607 2791 1030 2859 Barbetinum
1090 2795 1204 2878 qui
1249 2793 1438 2858 haec:
1488 2792 1606 2857 οὐδ’
1655 2793 1685 2857 ὃ
1733 2792 1981 2874 γρίφοις
2030 2795 2136 2857 καὶ
2185 2796 2495 2872 σαγήναις
2542 2792 2687 2858 ἐλά-

295 2904 453 2976 φους
516 2900 606 2974 1ιῆ
651 2899 1051 2974 λαμβάνοντι
1100 2896 1254 2974 μηδὲ
1303 2894 1372 2970 ὗς
1419 2898 1556 2978 (sed
1601 2898 1664 2963 δὲ
1715 2920 1910 2985 supra
1946 2902 2205 2985 scripsit
2248 2922 2339 2968 m.
2385 2903 2577 2966 tertia
2622 2904 2688 2966 et

296 3026 329 3066 υ
372 3005 443 3067 in
489 3023 715 3069 rasura
761 3003 983 3069 eadem
1028 3009 1145 3084 m.)
1192 3003 1428 3080 δαίμων
1478 3004 1857 3070 ἐναντιοῦται
1906 3007 2093 3084 μοχθ.
2144 3009 2293 3070 ἀλλ’
2336 3006 2688 3084 οἱβελτηρία

305 3108 406 3172 καὶ
477 3133 598 3184 μω.
668 3117 795 3180 τοῖς
862 3110 964 3175 οἰδ.
1033 3110 1460 3190 ἐπιχειροῦσιν.
1531 3109 1657 3175 Sed
1716 3131 1919 3195 neque
1980 3111 2215 3177 codicis
2269 3110 2331 3175 D
2376 3114 2689 3196 scriptura

305 3208 613 3298 quamvis
647 3214 879 3280 melior
923 3235 1128 3299 neque
1172 3219 1360 3280 vetus
1407 3217 1767 3281 coniectura
1816 3219 2111 3301 quamvis
2150 3218 2480 3301 ingeniosa
2511 3218 2691 3280 omni

305 3337 384 3381 ex
440 3323 622 3403 parte
684 3319 1118 3397 satisfaciunt3
1181 3341 1334 3385 nam
1394 3321 1452 3384 si
1510 3321 1798 3387 codicem
1854 3320 1915 3385 D
1972 3323 2323 3406 sequimur,
2372 3323 2689 3405 oppositio

305 3426 596 3507 proxima
655 3428 831 3504 (ἀλλ’
895 3424 1239 3502 οἱβελτιρία
1299 3430 1516 3505 κ.τ.λ.)
1575 3425 1751 3491 haud
1811 3430 1981 3492 recte
2036 3447 2104 3491 se
2162 3426 2389 3504 habet;
2453 3428 2691 3490 veteris

313 3531 526 3592 autem
571 3528 1034 3596 emendationis
1078 3530 1200 3596 hoc
1247 3535 1342 3596 est
1388 3532 1628 3597 vitium
1645 3578 1662 3608 ,
1714 3527 1883 3615 quod
1927 3536 2182 3596 mutata
2225 3533 2691 3596 constructione

313 3635 482 3710 (nam
525 3652 564 3697 a
599 3635 995 3700 nominativo
1032 3637 1101 3700 in
1142 3634 1435 3701 dativum
1473 3636 1635 3701 abiit
1669 3636 2091 3722 interpolator
2128 3642 2387 3722 propter
2431 3634 2691 3715 δαίμων)

317 3740 425 3798 aut
489 3740 808 3822 oppositio
877 3742 1027 3805 ἀλλ’
1096 3740 1442 3820 οὶβελτερία
1509 3775 1596 3790 -·-
1658 3743 2058 3824 ἐπιχειροῦσα
2129 3742 2210 3807 ad
2276 3744 2691 3828 posteriorem

321 3844 557 3923 partem
620 3841 820 3908 solam
883 3845 1042 3924 (οὐδὲ
1096 3847 1180 3924 τῷ
1239 3845 1485 3925 γρίφοις
1532 3853 1750 3928 κ.τ.λ.)
1793 3849 2109 3914 referatur
2149 3868 2399 3914 necesse
2445 3852 2576 3925 est,
2624 3848 2693 3914 id

323 3945 484 4026 quod
543 3951 888 4015 sententiae
950 3951 1343 4027 adversatur,
1381 3957 1518 4016 ‘aut
1561 3955 1618 4017 si
1665 3955 1969 4019 scribitur
2018 3955 2167 4018 ἀλλ’
2217 3952 2563 4036 ἀβελτερίᾳ
2609 3991 2686 4002 --

333 4047 739 4135 ἐπιχειροῦσιν,
807 4053 1066 4123 dativus
1135 4057 1508 4123 antecedens
1577 4059 1739 4139 (οὐδὲ
1804 4063 1889 4139 τῷ
1940 4096 2025 4107 -
2072 4058 2495 4138 λαμβάνοντι)
2564 4079 2693 4124 11011

333 4153 603 4234 quadrat.
665 4157 925 4225 Accedit
988 4161 1158 4246 quod
1223 4161 1414 4246 paulo
1475 4163 1861 4230 insolentius
1914 4164 2161 4229 dictum
2206 4169 2303 4229 est
2347 4163 2694 4243 ἆβελτερία

341 4289 422 4304 ·-
443 4257 848 4337 ἐπιχειροῦσα.
892 4265 1058 4344 Quid
1093 4265 1338 4352 igitur?
1375 4267 1475 4332 Ex
1510 4272 1912 4337 nominativo
1952 4268 2185 4345 δαίμων
2225 4271 2338 4354 qui
2371 4275 2699 4355 supererat

337 4362 398 4420 et
439 4357 680 4426 dativus
727 4386 1135 4455 praegressus
1186 4375 1365 4436 ortus
1413 4377 1510 4437 est
1556 4379 1620 4438 et
1663 4377 2064 4460 insequentia
2109 4375 2269 4455 (οὐκ)
2316 4375 2695 4441 ἐναντιοῦται

336 4462 644 4543 μοχθηρός.
708 4468 877 4547 Quid
941 4479 1115 4541 enim
1175 4475 1353 4542 aliud
1413 4478 1842 4565 supplendum
1903 4477 2080 4546 erat?
2140 4479 2563 4547 Scribendum
2607 4484 2701 4548 ita
