3351 5463
693 340 823 405 302
1628 360 2128 408 Ams'romnlffls.

686 522 898 587 iudice
964 543 1151 588 causa
1217 526 1353 587 erat
1420 543 1533 588 cur
1599 521 1739 587 loco
1810 521 2250 588 dissimillimo
2321 529 2713 605 moveretur,
2783 528 2866 592 ut
2929 545 3065 590 eam

687 628 1117 711 suspicionem
1169 627 1552 712 repudiaret.
1614 626 1684 692 Si
1731 629 1875 712 quis
1924 627 2264 714 vulgatam
2307 633 2693 716 scripturam
2744 633 2917 697 tueri
2965 652 3069 717 ag-

685 732 1034 817 gradietur,
1082 731 1317 797 melius
1361 733 1627 797 fortasse
1674 733 2042 818 provocabit
2092 733 2172 798 ad
2216 732 2405 820 Vesp.
2465 734 2592 800 196

1138 836 1263 901 ὤθει
1312 840 1414 901 τὸν
1461 836 1583 902 ὄνον
1632 840 1738 901 καὶ
1789 838 2016 903 σαυτὸν
2063 839 2125 909 ἐς
2171 841 2280 910 την
2330 841 2544 904 οἰκίαν.

685 940 1090 1027 Quamquam
1136 944 1334 1007 etiam
1379 942 1484 1006 hic
1529 942 1708 1008 locus
1755 942 2047 1008 nonnihil
2094 963 2132 1007 a
2179 949 2394 1009 nostro
2441 944 2732 1010 diversus
2781 950 2880 1010 cst
2917 967 3062 1010 cum

686 1048 765 1112 ob
832 1068 1278 1134 praegressum
1346 1047 1449 1111 τὸν
1517 1046 1662 1125 ὄνον,
1738 1047 1905 1132 quod
1973 1048 2201 1111 σαυτὸν
2271 1052 2452 1133 quasi
2520 1054 2862 1146 prov'ocat,
2923 1054 3062 1114 tum

685 1158 1015 1240 propterea
1086 1153 1256 1238 quod
1323 1156 1436 1238 qui
1500 1154 1564 1218 vi
1620 1161 2029 1236 prorumpunt
2097 1154 2369 1218 ὠθεῖσθαι
2441 1151 2682 1221 Graece
2743 1155 3060 1220 dicuntur.

687 1256 783 1325 Of.
832 1261 1026 1324 etiam
1071 1258 1220 1323 Pac.
1276 1256 1380 1323 19.

774 1447 882 1513 Vs.
934 1444 1131 1512 1307.

957 1555 1101 1617 κούκ
1151 1549 1274 1615 ἔσθ’
1327 1548 1489 1622 ὅπως
1537 1553 1603 1615 οὔ
1652 1550 1912 1628 τήμερον

956 1658 1320 1736 λήψεταί
1368 1681 1428 1720 τι
1476 1660 1747 1739 πρᾶγμ’,
1799 1650 1827 1720 ὃ
1875 1661 2007 1720 τοῦ-

956 1787 1058 1828 τον
1108 1762 1341 1836 ποιήσει
1391 1760 1491 1825 τὸν
1538 1766 1839 1840 σοφιστήν
1887 1759 2090 1843 [ἴσως]

956 1869 1084 1933 ἄνθ’
1131 1865 1205 1931 ὧν
1254 1876 1622 1945 πανουργεῖν
1670 1865 1885 1946 ἤρξατ’
1932 1865 2231 1945 ἐξαίφνης
2280 1871 2466 1932 κακὸν
2513 1867 2822 1944 λαβεῖν
2870 1891 2968 1933 τι.

684 1975 1133 2061 Pugnantibus
1191 1977 1361 2038 inter
1420 1993 1485 2038 66
1550 1973 1916 2037 notionibus
1979 1975 2083 2036 οὐκ
2149 1970 2270 2035 ἔσθ’
2332 1968 2495 2044 ὅπως
2557 1977 2623 2036 et
2667 1972 2845 2051 ἴσως,
2893 1977 3056 2038 recte

684 2081 1016 2146 Hermann
1055 2101 1167 2164 pro
1206 2079 1350 2150 ἴσως
1391 2077 1597 2144 deleto
1634 2081 1852 2162 posuit
1888 2076 2153 2143 lacunae
2193 2080 2477 2164 signum.
2527 2077 2649 2144 Sed
2687 2101 2812 2143 non
2851 2081 3057 2164 mag-is

683 2190 752 2250 111
798 2185 1275 2272 elegantissimo
1323 2189 1509 2268 poeta
1555 2185 1708 2248 ferri
1753 2187 1963 2269 potest
2013 2186 2402 2259 λήψεται-
2427 2183 2677 2260 λαβεῖν,
2719 2184 2888 2268 quod
2926 2205 3055 2248 sen-

684 2295 840 2357 sisse
903 2291 1164 2356 videtur
1223 2290 1447 2375 Reisig
1503 2309 1857 2374 proponens
1920 2311 1980 2351 τι
2044 2287 2343 2366 πάσχειν,
2406 2308 2800 2374 quamquam
2851 2289 3052 2354 lenius

684 2401 979 2483 potuerat
1041 2397 1255 2458 παθεῖν
1318 2418 1412 2471 τι,
1488 2415 1613 2459 11611
1674 2397 1847 2458 6111111
1907 2397 1976 2457 111
2040 2394 2184 2459 sede
2247 2393 2513 2459 voculae
2560 2417 2620 2457 τι
2667 2394 3051 2460 haerendum

683 2507 861 2587 puto.
924 2501 1069 2565 Non
1130 2507 1346 2565 tamen
1406 2498 1677 2563 diffiteor
1735 2497 1945 2563 multo
2007 2501 2218 2582 magis
2282 2500 2447 2563 mihi
2507 2505 2871 2584 suspectam
2923 2520 3051 2564 esse

665 2607 1066 2672 -locutionem
1131 2606 1410 2682 λήψεταί
1470 2627 1525 2668 τι
1588 2608 1862 2681 πρᾶγμα
1884 2652 1900 2680 ,
1949 2624 2064 2688 pro
2111 2625 2238 2688 quo
2285 2607 2695 2689 expectamus
2741 2605 3052 2680 γενήσε-

681 2712 826 2776 ταί
890 2715 1005 2777 aut
1050 2709 1590 2787 συμβήσεταί
1635 2734 1696 2774 τι
1747 2713 2056 2789 πρᾶγμα,
2106 2730 2256 2775 611111
2301 2712 2676 2795 pracsertim
2715 2714 3049 2795 sequantur

681 2818 874 2883 verba
921 2822 1133 2880 τοῦτον
1159 2834 1243 2865 -·-
1272 2818 1374 2880 τὸν
1421 2818 1741 2895 σοφιστὴν.
1791 2814 1861 2880 Si
1905 2836 2057 2882 vero
2101 2818 2195 2880 ita
2243 2816 2614 2894 scribimus,
2663 2836 2912 2881 necesse
2956 2819 3048 2880 est

682 2925 774 2987 616
818 2920 1209 3006 refingamus
1257 2921 1712 3006 antistrophica
1730 2969 1747 2999 ,
1797 2941 1922 2987 vss.
1977 2918 2150 2985 1315
2177 2939 2348 3006 sqq.:

952 3034 1140 3091 τοῖσιν
1188 3026 1441 3096 δικαίοις
1486 3023 1687 3106 ὥσπερ
1736 3050 1814 3090 νι-

952 3135 1068 3197 κᾶν
1115 3131 1434 3202 πάντας
1484 3130 1730 3194 αὑτὸν
1781 3135 1920 3216 (pro
1969 3128 2292 3211 ἅπαντας)
2340 3126 2548 3211 οἷο-περ
2594 3127 2833 3213 (οἷο-ινῩ)
2882 3129 2953 3196 ἂν

951 3236 1370 3314 ξυγγένηται,
1422 3236 1532 3312 κῆν
1577 3235 1739 3315 λέγῃ
1787 3235 2164 3314 παμπόνηρ’,

950 3342 1093 3415 ίσως
1140 3342 1191 3408 δ’
1240 3341 1383 3414 ἴσως
1430 3341 1814 3418 βουλήσεται
1864 3338 2146 3419 κᾶφωνον
2197 3341 2386 3405 αὐτὸν
2432 3337 2607 3406 εἶναι.

1783 3732 1952 3799 VIII.
2024 3784 2030 3789 .

1558 3918 1644 3964 AD
1691 3916 2171 3966 AGRARNRNSRS.

767 4016 875 4081 Vs.
926 4017 1079 4083 665.
1662 4068 1677 4081 .

859 4121 1061 4200 δεῦρο,
1127 4127 1347 4201 Μοῦσ’,
1415 4124 1545 4189 ἐλθὲ
1610 4126 1943 4205 Φλεγυροὶ,
2006 4128 2190 4206 πυρὸς
2239 4124 2474 4208 ἔχουσα
2521 4125 2731 4203 μένος,
2779 4123 3026 4196 ἔντονος,

2626 4226 2978 4309 Ἀχαρνική·

859 4324 972 4395 οἷον
1048 4329 1114 4406 ἐξ
1182 4331 1489 4411 α’νθράιιων
1557 4334 1828 4415 πρινίνων
1897 4335 2194 4415 Φὲψαλος
2263 4338 2568 4413 ἀνήλατ’,
2651 4330 3030 4414 ἐρεθιζόμενος

2612 4441 2774 4523 οὐρία
2816 4432 3026 4518 ῥιπίδι,
