3351 5463
1285 358 1673 413 msomns.
2580 343 2667 412 47

383 529 569 598 Eum.
623 529 756 598 4¹76
805 527 995 595 αὗται
1043 530 1097 594 δ’
1143 527 1356 611 ἔχουσι
1405 538 1620 608 μοῖραν
1667 531 1775 594 οὐκ
1822 529 2373 606 εὐπέμπελον.

293 637 485 702 Recte
531 638 741 702 haesit
786 639 853 700 in
901 636 1097 700 huius
1143 633 1440 700 vocabuli
1486 633 1886 720 etymologia
1933 633 2207 720 Blaydes
2227 681 2244 710 ,
2293 654 2407 698 nec
2451 637 2669 698 tamen

293 763 405 827 pro
442 763 516 808 eo
555 742 991 827 reponendum
1029 741 1287 806 videtur
1324 740 1491 826 quod
1529 743 1735 805 suasit
1774 766 1801 804 ε
1824 742 1855 805 ὑ
1876 740 1971 805 πό
1987 766 2035 817 μ
2055 763 2131 803 πι
2151 762 2244 815 μο
2263 765 2291 802 ν
2310 787 2327 817 ,
2368 739 2477 804 sed
2501 739 2671 825 quod

294 848 733 932 scholiastam,
799 850 911 933 qui
973 845 1252 931 explicat
1309 847 1792 923 εὐπαραίτητον,
1857 847 2117 926 εὐχερῆ,
2187 844 2667 925 εὐάρεστον,

295 953 526 1039 legisse
566 955 840 1018 arbitror
885 953 1441 1031 εὐπέμφελον.
1491 949 1588 1018 Of.
1630 951 1999 1037 Hesychius
2039 949 2669 1030 δυσπέμφελος·

301 1093 384 1108 —
409 1057 799 1136 δυσάρεστος.
841 1040 979 1122 Iam
1017 1058 1240 1122 monui
1280 1054 1355 1121 E.
1382 1056 1458 1119 A.
1487 1078 1548 1141 p.
1581 1055 1710 1120 156
1741 1055 1894 1122 haec
1916 1056 2186 1123 addens:
2232 1057 2427 1135 „Sive
2452 1064 2671 1124 autem

298 1169 481 1249 poeta
552 1185 645 1228 vs.
697 1162 830 1228 480
899 1163 980 1228 ad
1045 1183 1187 1227 eam
1257 1183 1483 1227 vocem
1548 1165 1861 1246 respexit,
1929 1165 2064 1228 sive
2124 1186 2281 1242 non,
2345 1186 2443 1229 res
2505 1163 2673 1228 redit

300 1269 538 1334 eodem.
603 1269 728 1334 Vix
787 1271 962 1334 enim
1023 1268 1298 1333 dubium
1345 1271 1500 1353 quin
1545 1267 1903 1354 Aeschylus
1952 1289 2101 1334 cum
2150 1270 2521 1357 aequalibus
2567 1290 2673 1334 vo-

297 1374 521 1439 cabula
566 1374 965 1455 εὐπέμφελος
1014 1378 1078 1438 et
1122 1372 1562 1453 δυσπέμφελος
1614 1393 1651 1437 a
1696 1374 1893 1438 verbo
1941 1374 2211 1452 πέμπειν
2260 1374 2628 1441 derivarit”.

385 1589 577 1657 Eum.
628 1589 762 1655 490
823 1594 923 1654 νῦν
987 1589 1423 1670 καταστροφαὶ
1477 1591 1662 1654 νέων
1705 1592 1717 1676 Ι
1757 1590 2038 1667 θεσμίων.
2085 1592 2532 1678 Iumbabilis
2578 1597 2676 1658 est

304 1694 654 1760 Weckleini
696 1698 1171 1781 interpretatio:
1240 1694 1588 1774 „Umsturz
1621 1689 1749 1762 'der
1794 1698 2069 1783 ausgeht
2116 1720 2245 1764 von
2289 1720 2496 1764 neuen
2540 1697 2677 1763 Sat-

302 1801 614 1887 zungen”.
680 1801 871 1866 Recte
932 1805 1064 1865 iam
1127 1800 1285 1865 olim
1348 1800 1549 1865 Weil:
1619 1798 2020 1878 „Genetivus
2085 1805 2342 1879 θεσμίων
2390 1825 2593 1888 neque
2640 1825 2677 1868 a

306 1907 741 1986 καταστροφαὶ
784 1906 1052 1991 pendere
1089 1912 1300 1992 potest
1337 1927 1540 1991 neque
1579 1927 1730 1971 cum
1770 1908 2181 1992 sequentibus
2219 1911 2314 1973 ita
2350 1910 2673 1993 coniungi,

303 2017 376 2075 ut
437 2013 871 2091 καταστροφαὶ
938 2011 1186 2077 nudum
1230 2011 1649 2096 relinquatur.
1699 2010 1785 2075 H.
1834 2011 1908 2076 L.
1958 2013 2205 2078 Ahrens
2251 2012 2453 2089 νόμω
2474 2040 2502 2077 ν
2550 2013 2676 2076 θεσ-

305 2116 473 2194 μίων,
541 2117 904 2182 insolenter.
975 2115 1213 2202 Scripsi
1282 2120 1483 2192 ἐμῶν
1555 2117 1997 2198 καταστροφαὶ
2064 2118 2076 2203 Ι
2139 2118 2463 2195 θεσμίων”.
2532 2117 2674 2203 Ego

303 2222 542 2286 Mnem.
584 2222 765 2300 XXI,
795 2221 878 2286 95
921 2224 1248 2287 tentabam
1289 2230 1549 2287 καλῶν
1593 2224 1604 2308 Ι
1645 2224 1925 2302 θεσμίων.
1964 2222 2277 2289 Meinekii
2315 2227 2677 2289 coniectura

306 2329 738 2411 μεταστροφαὶ
786 2328 953 2393 nihil
995 2328 1346 2415 proficitur.

391 2531 583 2599 Eum.
634 2530 764 2597 515
837 2532 993 2595 ἕπει·
1033 2532 1044 2616 1
1087 2530 1159 2604 δή
1221 2532 1421 2597 πίτνει
1483 2530 1720 2608 δόμος
1787 2530 1982 2604 δίκας.
2046 2532 2323 2620 Blaydes
2386 2554 2448 2622 p.
2500 2531 2669 2597 289:

310 2638 502 2725 „haga
549 2638 825 2716 βωμὸς
871 2639 1064 2710 δίκας.
1115 2636 1213 2704 Of.
1256 2637 1453 2702 539”.
1494 2636 1729 2703 Omnes
1766 2638 1894 2703 fere
1935 2638 2147 2704 hivss.
2173 2641 2353 2724 puris
2378 2643 2673 2704 constant

306 2748 610 2810 trochaeis
639 2751 721 2827 ‘et
766 2750 1051 2810 metrum
1095 2766 1190 2811 vs.
1231 2745 1590 2811 antithetici
1628 2746 1843 2831 potius
1883 2745 2062 2811 favet
2100 2745 2359 2812 lectioni
2406 2745 2673 2826 θρόνος

307 2850 494 2922 δίκας.
542 2848 640 2917 Of.
687 2850 864 2936 Sept.
913 2849 1044 2916 409
1092 2850 1195 2913 τὸν
1244 2851 1545 2928 αἰσχύνης
1594 2850 1785 2931 θρόνον
1831 2857 2132 2926 τιμῶντα.

389 3069 580 3136 Eum.
631 3068 765 3134 580
1411 3051 1416 3057 ¹
1700 3100 1705 3105 ·
1948 3071 2022 3134 σὺ
2072 3067 2127 3132 δ’
2178 3068 2402 3147 εἴσαγε

795 3169 954 3247 ὅπως
1007 3176 1313 3257 ἐπίστᾳ
1360 3174 1535 3248 τήνδε
1585 3172 1939 3253 κύρωσον
1988 3173 2176 3247 δίκην.

308 3278 586 3348 Coniecit
630 3279 734 3344 Bl.
787 3278 943 3351 ὅπως
994 3278 1291 3362 ἄριστα
1339 3280 1517 3350 τήνδε
1565 3286 1922 3357 κυρῶσαι
1974 3279 2162 3353 δίκην.

301 3386 434 3471 Ego
472 3385 717 3451 Mnem.
760 3385 940 3462 XXI,
985 3384 1068 3449 95
1111 3385 1463 3449 scribebam
1501 3384 1630 3449 fere
1669 3384 1859 3447 haec:
1905 3382 2159 3469 „Vulgo
2200 3405 2278 3447 ex
2314 3382 2672 3448 Hermanni

303 3494 658 3557 coniectura
718 3490 930 3556 editur
975 3488 1133 3561 ὅπως
1186 3489 1372 3567 (τ’),
1422 3490 1531 3554 sed
1575 3488 1746 3553 male
1792 3509 1897 3553 me
1943 3488 2133 3553 habet
2180 3489 2259 3554 ad
2304 3488 2669 3554 Minervam

303 3596 541 3662 dictum
605 3598 782 3669 τήνδε
845 3596 1102 3674 κύρωσον
1165 3596 1352 3672 δίκην,
1416 3596 1566 3680 quia
1625 3596 1745 3660 hoc
1790 3614 1916 3659 non
1960 3599 2096 3658 erat
2140 3594 2436 3661 Minerva
2480 3598 2669 3681 [quae

303 3702 692 3779 εἱσαγωγέως
757 3722 1020 3767 munere
1081 3701 1404 3786 fungitur]
1423 3747 1440 3776 ,
1511 3699 1620 3763 sed
1682 3698 1973 3764 indicum
2038 3700 2629 3786 [Areopagitarum]
2647 3749 2664 3778 ‚

300 3806 488 3891 idque
556 3809 931 3893 praesertim
1001 3791 1150 3872 cum
1217 3805 1488 3871 addatur
1549 3800 1708 3875 ὅπως
1776 3807 2039 3887 ἐπίστᾳ,
2104 3808 2147 3869 i.
2199 3827 2253 3871 e.
2316 3807 2529 3885 γνώμῃ
2591 3815 2669 3888 τῇ

301 3910 686 3997 δικαιοτάτῃ,
753 3933 944 3998 quare
1008 3912 1152 3978 vide
1212 3933 1290 3977 ne
1352 3934 1432 3977 ex
1470 3910 1791 3996 Apollinis
1838 3912 2121 3977 oratione
2165 3916 2311 3997 post
2354 3913 2549 3977 verba
2593 3911 2669 3975 σὺ

301 4014 353 4079 δ’
401 4016 621 4096 εἴσαγε
669 4018 976 4085 exciderit
1019 4038 1186 4082 unus
1234 4037 1489 4094 versus,
1540 4036 1665 4101 quo
1713 4014 2027 4082 allocutus
2072 4019 2159 4081 sit
2203 4016 2479 4095 iudices,
2520 4037 2574 4081 e.
2599 4038 2667 4103 g.

302 4121 478 4188 talis:

796 4228 922 4308 (σύ
967 4227 1049 4305 τ’,
1099 4224 1142 4292 ὦ
1189 4229 1489 4293 δικαστῶν
1537 4226 1875 4305 σεμνότιμε
1922 4226 2285 4308 σύλλογε,>

793 4330 951 4406 ὅπως
1001 4334 1230 4417 ἐπίστᾳ
1276 4334 1453 4407 τήνδε
1501 4334 1759 4414 κύρωσον
1805 4332 2040 4409 δίκην”.

297 4434 423 4503 Nec
468 4437 658 4503 hodie
703 4445 886 4503 muto
931 4442 1338 4505 sententiam.
