3351 5463
632 412 763 483 246
1476 435 2125 484 onsnnvA'rmNoumn

629 599 798 684 quod
842 599 1177 664 videbatur
1222 599 1517 685 Adolpho
1564 601 1778 666 Exner
1807 607 1874 681 ¹),
1925 601 2034 665 sed
2081 600 2160 664 ad
2204 599 2531 666 interdicti
2576 621 2836 668 causam
2855 651 2872 681 ,
2919 602 3023 670 Oi-

627 708 837 770 ceroni
876 727 1035 790 quae
1076 705 1312 770 dicitur
1344 707 1619 770 deductio
1660 707 1934 784 moribus,
1978 707 2146 792 quod
2183 706 2287 772 vel
2328 729 2402 772 eo
2438 707 2918 774 demonstratur
2943 709 3017 792 ²),

626 812 796 898 quod
831 811 1075 897 legitur
1113 833 1228 897 pro
1268 811 1447 878 Gaec.
1497 813 1527 876 1
1574 813 1714 897 §22
1754 813 1810 876 ei
1832 814 2026 898 facta
2073 813 2166 876 vis
2214 820 2365 877 esset
2409 815 2687 893 moribus,
2737 816 3020 898 superior

624 919 708 982 in
743 919 1264 1000 possessione
1313 919 1742 982 retinenda
1780 942 1896 982 non
1919 919 2163 1006 ficisset
2188 921 2554 1000 (Aebutius).
2602 921 2702 985 Ex
2728 921 3015 999 diverSO,

624 1046 748 1110 quo
811 1031 1061 1110 pugnat
1121 1025 1352 1102 Exner,
1416 1027 1484 1088 in
1546 1025 1922 1102 interdicto,
1989 1025 2160 1110 quod
2221 1027 2306 1090 sit
2371 1025 2644 1111 dupleX,
2713 1033 3018 1092 mutuam

623 1133 763 1195 vim
808 1133 1080 1216 requiri,
1132 1152 1335 1216 quum
1382 1133 1759 1215 praesertim
1804 1131 1976 1195 ultro
2023 1133 2317 1215 citroque
2345 1130 2394 1212 ³)
2439 1132 2563 1210 „ni
2611 1133 2735 1195 vis
2763 1135 3022 1218 facta

620 1236 776 1300 eit''
844 1239 1097 1328 sponsio
1163 1237 1370 1313 detur,
1435 1258 1666 1301 verum
1716 1240 1786 1300 in
1834 1237 2210 1302 deductione
2259 1237 2539 1302 alterum
2584 1240 2724 1303 vim
2773 1239 3014 1316 facere,

622 1342 900 1408 alterum
938 1345 1078 1406 vim
1116 1345 1286 1427 pati,
1328 1344 1388 1407 ei
1427 1363 1843 1427 reponemus,
1885 1349 2171 1427 tempore
2211 1340 2566 1420 Ciceronis,
2609 1342 2764 1408 licet
2795 1346 3018 1429 ipsum

620 1447 1037 1512 interdictum
1095 1446 1333 1532 >duplex
1389 1448 1585 1512 fuerit
1603 1497 1618 1525 ,
1670 1451 2078 1534 sponsionem
2126 1454 2344 1514 tamen
2390 1448 2494 1513 illi
2538 1449 2676 1513 fieri
2719 1449 2982 1514 solitam
3001 1497 3018 1526 ,

620 1557 727 1619 cui
788 1557 889 1620 vis
950 1554 1116 1619 facta
1178 1559 1344 1618 esset
1370 1551 1421 1634 4)
1442 1603 1457 1632 ,
1530 1576 1689 1632 non,
1755 1559 1830 1619 ut
1891 1555 2062 1640 apud
2122 1552 2363 1621 Gaium
2383 1603 2398 1632 ,
2466 1555 2639 1619 ultro
2708 1557 3018 1640 citroque.

623 1659 795 1724 Illud
840 1663 1153 1725 maiorem
1189 1660 1382 1725 habet
1422 1660 1902 1738 difficultatem,
1945 1661 2113 1747 quod
2152 1660 2315 1726 solet
2355 1660 2523 1746 apud
2563 1659 2938 1726 Ciceronem
2963 1664 3019 1743 ⁵)

623 1767 909 1831 moribus
957 1766 1250 1831 deductio
1296 1769 1389 1830 ita
1435 1770 1959 1845 commemorari,
2010 1772 2087 1832 ut
2131 1771 2386 1854 peracta
2431 1767 2749 1844 videatur,
2805 1789 3014 1852 quum

618 1872 1035 1937 interdictum
1096 1872 1416 1950 reddatur,
1481 1895 1713 1938 verum
1779 1874 1949 1960 apud
2011 1871 2255 1940 Gaium
2319 1876 2418 1938 vis
2438 1922 2453 1951 ,
2521 1894 2680 1958 quae
2729 1874 3019 1938 facienda

620 1979 705 2041 sit
753 1999 830 2042 ex
878 1985 1229 2055 conventu,
1281 1979 1738 2043 adnumeratur
1785 1979 2051 2059 ceterae)
2090 2003 2162 2042 ex
2203 1979 2522 2042 interdicto
2546 2027 2560 2054 ,
2601 1978 2672 2042 id
2713 1985 2810 2043 est
2854 1997 3019 2064 quae

620 2090 766 2168 post
812 2085 1229 2148 interdictum
1275 2090 1665 2170 peragantur
1713 2081 1884 2164 (Gai.
1937 2083 2026 2148 IV
2071 2082 2312 2169 §1¹70).
2363 2083 2486 2149 Sed
2530 2087 2745 2169 potest
2793 2105 2868 2149 ea
2893 2085 3018 2149 'res

619 2190 922 2274 expediri,
971 2191 1161 2254 modo
1212 2211 1462 2271 sumas,
1516 2212 1720 2275 quum
1769 2191 2064 2254 deductio
2114 2193 2560 2276 praecesserit,
2603 2196 2717 2255 aut
2755 2190 3018 2272 repetita

620 2296 719 2358 die
778 2295 1197 2360 interdictum
1246 2296 1885 2381 suscipiendum-aut
1931 2299 2326 2381 possessione
2376 2295 2727 2361 cedendum
2775 2317 2911 2360 esse
2939 2296 3014 2378 ⁶).

623 2437 709 2450 —-
754 2401 1084 2466 Hactenus
1133 2401 1210 2466 de
1254 2402 1592 2466 interdicto
1640 2402 1876 2467 dixisse
1925 2403 2178 2468 sufficit.
2227 2403 2308 2466 In
2340 2401 2743 2484 petitionibus
2789 2404 2968 2467 enim
2987 2450 3004 2479 ‚

620 2509 759 2572 sive
820 2513 1140 2588 uostr(um)
1206 2529 1329 2570 esse
1390 2509 1526 2572 sive
1587 2508 1728 2571 dari
1789 2516 2058 2591 oportere
2119 2509 2288 2572 nobie
2318 2509 2680 2591 pet(i)mu8,
2729 2529 2860 2572 n-on
2909 2513 3010 2573 est

618 2635 776 2698 opus
796 2662 811 2690 ‚
874 2619 951 2677 ut
993 2615 1063 2677 in
1108 2635 1246 2678 rem
1293 2618 1695 2698 praesentem
1743 2609 2078 2680 veniamus
2096 2663 2110 2691 ,
2165 2614 2276 2680 sed
2323 2614 2508 2679 debet
2530 2615 2810 2699 fundum
2846 2613 3012 2696 peti-

618 2726 790 2783 turus
852 2719 1296 2785 tantummodo
1357 2744 1563 2784 nomeu
1610 2720 1739 2784 eius
1785 2729 1843 2785 et
1888 2745 1999 2807 quo
2048 2719 2165 2784 loci
2211 2721 2295 2784 sit
2343 2721 2540 2784 dicere
2567 2725 2654 2801 ⁷)3
2707 2721 2805 2783 sin
2855 2720 3003 2803 quis

612 2825 860 2902 locum,
920 2826 989 2889 id
1050 2832 1145 2889 est
1190 2826 1575 2911 particulam
1624 2828 1946 2912 quandam
1992 2827 2208 2904 fundi,
2259 2830 2582 2912 petiturus
2631 2831 2764 2903 est,
2816 2825 3007 2890 debet

610 2931 1026 3011 i(n)dicar(e),
1076 2932 1307 3016 quibus
1352 2935 1476 2996 iste
1522 2932 1703 2998 locus
1752 2936 2024 2998 terminis
2071 2941 2180 2997 aut
2219 2932 2525 2997 arboribus
2569 2931 2675 2997 vel
2715 2953 2842 3017 quo
2882 2930 3011 2997 alio

613 3044 954 3117 arqumento
982 3039 1175 3119 finem
1221 3037 1480 3122 aliquem
1523 3089 1536 3103 .
1569 3088 1584 3103 .
1613 3088 1628 3105 .
1660 3089 1673 3104 .
1716 3042 2003 3117 declaret,
2047 3046 2103 3102 et
2141 3064 2180 3102 a
2221 3037 2667 3103 continuatione
2703 3038 2822 3100 soli
2848 3085 2863 3100 .
2895 3084 2910 3101 .
2943 3084 2958 3101 .
2989 3084 3005 3101 .

612 3143 908 3207 eximatur
930 3148 1003 3223 ⁸).
1052 3143 1207 3207 Erat
1255 3164 1402 3208 sane
1451 3144 1638 3222 olim,
1691 3168 1897 3231 quum
1936 3145 2390 3222 vindicaretur,
2431 3146 2501 3207 in
2542 3164 2680 3208 rem
2720 3164 3014 3229 praesen-

608 3255 745 3313 tem
803 3248 1223 3327 veniendum,
1291 3249 1461 3333 quod
1526 3272 1721 3335 supra
1781 3272 2032 3336 quoque
2096 3250 2380 3314 diximus
2400 3298 2417 3327 ,
2467 3249 2660 3334 idque
2708 3270 2834 3313 non
2883 3248 3012 3313 Ro-

613 3376 801 3419 mano
865 3360 1150 3432 tantum,
1217 3354 1328 3421 sed
1389 3358 1587 3421 etiam
1636 3354 1878 3422 Graeco
1922 3360 2064 3421 iure
2090 3356 2144 3435 9)
2193 3355 2520 3421 obtinebat
2568 3356 2686 3420 sub
2738 3358 3007 3421 nomine

681 3644 735 3709 1)
770 3645 827 3694 L.
847 3644 881 3693 l.
916 3661 964 3709 p.
1002 3644 1182 3693 191⁸³.
2268 3692 2273 3697 .

678 3727 728 3786 2)
765 3726 874 3773 Hoc
908 3729 1191 3789 argumento
1226 3741 1339 3775 usus
1374 3728 1446 3776 est
1480 3725 1725 3785 Saleium,
1762 3726 1797 3775 l.
1815 3726 1848 3777 l.
1904 3742 1951 3791 p.
1987 3727 2084 3776 289
2103 3712 2191 3791 eq„
2227 3730 2276 3776 et
2311 3730 2384 3777 est
2417 3725 2770 3791 gravissimum.

675 3807 733 3871 3)
769 3805 877 3856 Gai.
912 3806 981 3856 IV
1014 3807 1170 3868 9166.

678 3890 736 3953 4)
772 3889 870 3937 Pro
906 3889 1044 3938 Caec.
1082 3890 1143 3937 16
1179 3890 1300 3950 545,
1334 3890 1421 3939 46.

676 3970 730 4035 5)
767 3970 982 4019 Maxime
1016 3986 1106 4035 pro
1140 3969 1302 4019 Tullio
1338 3972 1369 4018 8
1404 3971 1526 4031 520.

673 4052 729 4117 6)
764 4052 837 4101 Cf.
886 4052 917 4101 l.
962 4053 992 4100 9
1026 4053 1097 4113 §6
1134 4054 1192 4101 D.
1234 4053 1311 4101 10.
1329 4053 1377 4101 4.
1432 4079 1499 4089 —
1550 4050 1728 4101 Iterari
1773 4052 1880 4115 post
1930 4050 2244 4102 interdictum
2291 4051 2652 4111 deductionem,
2705 4049 2872 4116 opinio
2925 4053 3001 4100 est

604 4132 875 4196 Raymondi
924 4133 1141 4182 Saleilles
1177 4133 1234 4197 (1.
1255 4134 1287 4183 l.
1324 4150 1371 4198 1).
1410 4135 1557 4195 303)=
1614 4136 1695 4183 ula
1729 4131 1951 4181 deductio
1986 4132 2201 4183 moribus
2232 4150 2282 4183 se
2316 4133 2563 4199 repr-odnie
2597 4132 2816 4197 [encore]
2853 4130 2996 4201 apres

600 4212 854 4264 l’e‘mission
890 4216 949 4265 de
982 4212 1275 4264 tinterdoe’.

669 4297 724 4363 ⁷)
758 4298 813 4346 L.
851 4297 881 4345 6
929 4299 988 4346 D.
1025 4298 1119 4347 6.1
1168 4297 1362 4359 (hanel,
1411 4298 1501 4347 das
1544 4296 1699 4346 Edict.
1748 4310 1882 4361 perp.
1930 4313 1976 4361 p.
2027 4296 2140 4360 66);
2189 4298 2249 4347 cf.
2302 4297 2402 4347 Cic.
2449 4312 2541 4361 pro
2582 4298 2718 4346 Mur.
2756 4296 2822 4345 12
2858 4296 2997 4358 §262

588 4376 839 4445 fundus
872 4378 977 4442 qui
1008 4382 1106 4427 est
1138 4378 1200 4427 in
1234 4394 1384 4443 aqro
1419 4378 1621 4443 (excidit
1655 4378 1761 4441 agri
1796 4378 2103 4443 designatio),
2137 4380 2244 4443 qui
2278 4379 2554 4429 Sabinus
2585 4380 2879 4428 vocatur.

671 4463 727 4523 8)
763 4462 981 4511 Gromat.
1018 4475 1064 4525 p.
1099 4460 1165 4509 44
1198 4474 1267 4512 vs.
1302 4460 1446 4519 9-12;
1484 4460 1541 4509 of.
1580 4476 1627 4524 p.
1666 4461 1732 4508 45
1771 4474 1838 4509 vs.
1884 4458 2052 4521 17s18.

672 4542 724 4605 9)
760 4542 833 4593 cf.
868 4542 925 4591 de
958 4540 1064 4591 iure
1098 4542 1279 4591 Graeco
1314 4540 1792 4603 Maior-Sublimem,
1831 4540 1946 4592 Act.
1979 4541 2189 4593 Pmm.
2225 4558 2273 4607 p.
2308 4541 2409 4593 476
2429 4556 2500 4605 eq.
2537 4546 2612 4605 (p.
2649 4540 2744 4595 371
2763 4541 2880 4607 sq).

1056 5175 1963 5433 A
