3351 5463
1034 396 1194 447 anon
1203 397 1425 447 ssmmz
1471 396 1905 447 r1s1srnArnA.
2529 374 2661 441 419

265 584 330 629 ea
396 586 562 651 quae
624 568 945 632 memoria
1004 569 1292 632 tenerent
1351 586 1501 631 cum
1547 566 1705 631 viris
1752 565 2146 629 Pisistrateis
2192 563 2271 629 ad
2316 562 2665 629 describen-

268 667 424 735 dum
469 674 1060 748 communicarent,
1108 674 1327 737 contra
1371 673 1429 736 si
1493 670 1841 737 conducere
1901 674 2240 754 putarent,
2304 670 2663 754 permirum

265 794 400 841 esse
445 778 502 840 si
548 798 680 843 non
727 783 952 862 sponte
1001 798 1116 841 sua
1161 779 1397 862 scripto
1444 776 1909 843 mandaverint.

349 880 714 947 Videamus
775 902 944 947 nunc
997 882 1072 948 de
1134 884 1518 948 testimoniis
1580 902 1743 968 quae
1806 903 1885 947 ex
1930 882 2313 966 antiquitate
2359 879 2538 945 nobis
2585 878 2665 943 de

268 990 632 1053 recensione
696 987 1072 1053 Pisistratea
1131 992 1380 1073 praesto
1440 992 1625 1065 sunt,
1678 1007 1839 1072 quae
1884 986 2163 1052 Erhardt
2207 992 2273 1050 et
2318 983 2545 1062 Gauer,
2588 988 2667 1049 ut

272 1112 460 1178 supra
503 1096 738 1159 monui
755 1141 770 1171 ‚
819 1092 1090 1178 pendere
1136 1096 1514 1159 omiserunt.

354 1198 432 1263 In
493 1200 600 1265 his
666 1201 1058 1265 testimoniis
1121 1199 1287 1265 nihil
1347 1220 1480 1267 esse
1543 1199 1823 1266 ostendit
1882 1198 2080 1263 Flach
2109 1195 2161 1277 1)
2180 1246 2196 1277 ,
2264 1197 2432 1283 quod
2504 1202 2669 1263 aeta-

273 1306 401 1369 tem
463 1302 750 1371 Cratetis
796 1304 1104 1371 Mallotes
1151 1305 1515 1372 antecedere
1562 1311 1675 1371 aut
1717 1326 1841 1371 non
1890 1303 1970 1369 ad
2014 1306 2475 1391 grammaticos
2520 1303 2668 1367 Per-

273 1428 582 1493 gamenos
641 1411 1048 1477 referendum
1107 1412 1421 1477 videatur.
1481 1410 1607 1477 Sed
1670 1418 1799 1476 tres
1863 1409 1969 1476 vel
2030 1415 2305 1496 quatuor
2360 1414 2667 1494 tanquam

271 1516 470 1581 rivuli
555 1516 1001 1603 distinguendi
1083 1522 1256 1583 sunt.
1340 1516 1403 1581 N
1403 1520 1694 1583 otissimo
1780 1520 1954 1583 enim
2039 1514 2362 1584 Ciceronis
2437 1515 2574 1581 loco
2612 1512 2667 1595 ⁸)

273 1621 560 1705 itemque
648 1621 820 1707 apud
901 1623 1150 1689 Aelian.
1221 1622 1366 1699 Var.
1436 1622 1610 1687 Hist.
1680 1621 1862 1688 XIII.
1934 1622 2018 1688 14
2039 1671 2057 1701 ‚
2128 1622 2353 1688 Liban.
2426 1621 2667 1706 Paneg.

273 1724 392 1789 Iul.
463 1726 515 1791 I.
589 1725 758 1805 385,
811 1726 942 1797 JII.
1008 1726 1094 1793 25
1165 1727 1420 1804 Reisk„
1491 1727 1668 1792 Suid.
1731 1750 1796 1793 v.
1853 1718 2263 1808 ‘'Old-²19043),
2331 1725 2538 1792 Schol.
2600 1728 2672 1790 in

275 1827 460 1895 Dion.
527 1831 753 1898 Thrac.
817 1832 1062 1899 Villois.
1128 1832 1210 1898 II.
1280 1832 1409 1899 182
1470 1836 1540 1898 in
1608 1854 1753 1897 ann.
1783 1831 1835 1913 ⁴)
1897 1832 2063 1897 nihil
2129 1831 2307 1897 aliud
2362 1832 2673 1896 tribuitur

277 1934 623 2002 Pisistrato
699 1958 894 2021 quam
978 1939 1045 2003 id
1121 1939 1291 2024 quod
1362 1942 1635 2004 testatur
1706 1940 2107 2025 epigramma
2174 1940 2244 2002 in
2312 1957 2463 2001 eum
2534 1957 2673 2000 con-

281 2039 526 2105 fectum
553 2040 626 2123 ⁸),
693 2064 818 2128 quo
867 2042 1200 2131 collegisse
1245 2046 1463 2128 poesin
1508 2042 1927 2109 Homericam
1971 2043 2251 2108 traditur
2298 2048 2444 2107 ante
2490 2039 2671 2106 nullo

283 2145 504 2211 ordine
592 2147 1011 2214 decantatam.
1090 2149 1234 2213 Hoc
1319 2162 1538 2214 autem
1622 2152 2027 2235 epigramma
2105 2169 2254 2212 cum
2340 2149 2425 2211 sit
2494 2167 2670 2211 mere

283 2250 687 2317 ἒπιδεικτικόν
717 2254 769 2333 ⁸)
834 2259 899 2319 et
961 2256 1071 2319 vix
1125 2252 1420 2319 excedere
1465 2255 1669 2337 possit
1715 2252 1779 2317 II
1824 2275 1878 2320 a.
1930 2252 2079 2320 Chr.
2128 2277 2191 2317 n.
2240 2250 2570 2317 saeculum
2595 2256 2669 2333 ⁷),

280 2356 576 2422 nonnulli
639 2362 976 2444 scriptores
1029 2358 1302 2443 ridicule
1365 2357 1757 2425 rettulerunt
1801 2361 1871 2423 in
1917 2359 2241 2424 Pisistrati
2286 2360 2497 2423 nescio
2546 2376 2675 2442 qua

281 2465 497 2528 statua
567 2484 702 2529 esse
769 2465 1173 2550 exsculptum
1192 2513 1209 2541 ‚
1281 2463 1625 2529 oriundum
1690 2468 1909 2529 autem
1970 2485 2107 2530 esse
2169 2486 2202 2530 e
2266 2461 2482 2531 schola
2527 2464 2675 2528 Per·

281 2584 557 2650 gamena
618 2569 763 2635 inde
819 2576 1079 2656 apparet
1126 2570 1292 2656 quod
1341 2567 1559 2636 Cicero
1609 2591 1736 2634 non
1783 2572 1908 2634 nisi
1940 2556 1987 2635 'e
2034 2572 2478 2657 grammaticis
2525 2569 2673 2633 Per-

284 2676 578 2757 gamenis
643 2673 719 2741 de
780 2676 1118 2741 Pisistrato
1165 2674 1387 2742 audire
1431 2676 1649 2760 potuit
1673 2681 1747 2756 8).
1810 2674 2097 2742 Alterius
2144 2674 2346 2742 rivuli
2391 2676 2530 2741 fons
2576 2679 2675 2740 est
2771 2705 2774 2709 ·

280 2779 512 2842 notitia
529 2827 545 2856 ,
613 2801 773 2864 quae
834 2781 1092 2845 videtur
1153 2781 1368 2845 deberi
1425 2781 1835 2847 Athenodoro
1898 2779 2276 2867 Gordylioni
2339 2781 2674 2847 bibliothe-

281 2883 451 2946 cario
508 2883 902 2970 Pergameno
952 2884 983 2949 I
1030 2906 1084 2958 a.
1136 2883 1253 2952 Oh.
1304 2908 1366 2950 n.
1416 2886 1653 2952 saeculi
1671 2934 1688 2964 ‚
1749 2884 2009 2953 Catonis
2055 2885 2375 2952 Uticensis
2423 2885 2677 2972 aequali

282 2991 347 3050 et
395 2989 603 3053 amico
621 3036 637 3065 ‚
686 2989 951 3055 Homeri
996 2975 1278 3056 earmina
1325 2997 1440 3056 aut
1485 2992 1764 3078 Epicum
1815 2989 2092 3080 chlum
2130 2995 2311 3058 iussu
2350 2993 2677 3059 Pisistrati

282 3089 622 3178 collegisse
691 3094 1172 3163 Onomacritum
1242 3098 1701 3164 Atheniensem
1719 3146 1735 3176 ‚
1797 3097 2125 3185 Zopyrum
2185 3097 2636 3164 Heracleotam
2654 3146 2673 3177 ,

351 3353 406 3415 1)
445 3351 502 3401 1.1
549 3370 594 3418 p.
630 3357 809 3406 2-15,

347 3434 406 3493 2)
447 3435 519 3482 De
555 3436 746 3487 Orator.
781 3438 862 3486 111
899 3438 963 3486 84
998 3437 1055 3486 cf.
1094 3435 1230 3484 Wolf
1260 3435 1383 3499 prol.
1419 3436 1490 3486 ed.
1527 3436 1725 3500 Peppm.
1764 3451 1809 3499 p.
1849 3435 1962 3484 109.

350 3515 404 3577 8)
446 3513 568 3562 Vide
600 3517 742 3567 etiam
775 3518 904 3568 locos
939 3517 1122 3566 Aelian.
1159 3516 1324 3565 Liban.
1362 3517 1496 3566 Suid.
1531 3516 1792 3580 exscriptos
1826 3515 1876 3564 in
1912 3516 2059 3565 Wolf.
2096 3516 2221 3581 prol.
2254 3532 2301 3580 Ρ.
2342 3516 2451 3566 109.

344 3596 402 3654 4)
440 3592 590 3642 Tria
635 3602 746 3647 sunt
788 3597 971 3647 scholia
1017 3597 1158 3646 Dion.
1204 3597 1376 3648 Thrac.
1422 3602 1468 3658 (e
1499 3597 1633 3647 codd.
1671 3597 1908 3646 Marcian.
1946 3598 2017 3646 ed.
2054 3612 2081 3645 a
2119 3596 2405 3659 Villoisono)
2440 3612 2567 3661 quae
2604 3599 2665 3646 ad

280 3674 528 3724 Pisistrati
563 3676 760 3727 Homeri
788 3694 953 3729 euram
983 3677 1253 3743 pertinent,
1284 3693 1380 3726 non
1408 3678 1550 3736 due,
1591 3681 1643 3726 ut
1677 3677 1931 3742 perhibent
1968 3678 2160 3726 Volkm.
2198 3677 2267 3727 l.l.
2302 3693 2348 3742 p.
2384 3678 2482 3727 882
2518 3679 2665 3728 mach

277 3755 348 3807 l.l.
397 3772 444 3820 Ρ.
486 3752 515 3804 7
561 3756 611 3804 in
656 3774 764 3809 ann.
813 3763 902 3810 28.
942 3760 1081 3824 Quod
1127 3760 1205 3808 hic
1250 3764 1412 3823 specto
1447 3763 1519 3808 est
1551 3759 1725 3808 ceteris
1758 3759 1950 3809 brevius
1983 3764 2031 3808 et
2062 3758 2339 3810 continetur
2374 3759 2449 3809 his
2484 3760 2667 3811 verbis:

280 3834 512 3898 Λέγεται
550 3834 627 3883 ὅτι
666 3839 938 3902 συνερράφη
973 3838 1065 3888 dard
1100 3837 1472 3898 Πεισιστράτου
1508 3841 1600 3887 τοῦ
1634 3842 1734 3886 τῶν
1773 3838 2034 3895 Ἀθηναίων
2070 3838 2306 3901 τυράννου
2343 3841 2412 3888 τὰ
2448 3839 2667 3903 Ὀμήρου

277 3914 546 3976 ποιήματα
591 3919 674 3968 καὶ
719 3923 854 3971 κατὰ
894 3920 1038 3986 τάξιν
1074 3918 1307 3975 συνετέθη
1342 3921 1411 3968 τὰ
1445 3919 1553 3981 πρὶν
1588 3918 1835 3981 σποράδην
1872 3920 1958 3969 καὶ
1994 3921 2056 3979 ὡς
2092 3920 2257 3985 ’ἔτυχε
2294 3921 2668 3985 ἀναγιγνωσκό-
2702 3978 2715 3991 ⁸

273 3991 403 4056 ’μενα
438 3993 526 4042 διὰ
563 3998 622 4046 ‘rb
661 4001 750 4058 τὴν
785 4001 1006 4064 ἁρμογὴν
1041 3998 1206 4048 αὐτῶν
1240 4003 1312 4061 τῷ
1349 4003 1508 4062 χρόνῳ
1545 3997 1927 4055 διασπασθῆναι.

339 4078 392 4140 5)
434 4077 704 4130 Invenitur
739 4083 827 4132 hoe
860 4083 1152 4147 epigramma
1186 4082 1237 4129 in
1271 4082 1404 4131 codd.
1442 4082 1708 4132 Marcianis
1740 4083 1841 4130 489
1877 4086 1926 4131 et
1962 4083 2076 4143 652,
2110 4084 2173 4133 cf.
2209 4084 2399 4134 villain.
2434 4087 2666 4138 Anecdot.

269 4159 434 4208 Graec.
472 4155 544 4204 11
577 4174 624 4222 Ρ.
660 4164 690 4210 8
727 4166 776 4212 et
807 4180 850 4229 Ρ.
894 4165 989 4213 182
1019 4161 1232 4225 (Bekker
1266 4164 1508 4212 Anecdota
1545 4165 1725 4212 Graeca
1757 4163 1813 4211 II
1848 4180 1894 4228 p.
1933 4163 1961 4214 7
1967 4164 2067 4226 68),
2103 4180 2251 4230 porro
2287 4166 2337 4214 in
2371 4165 2487 4216 vitis
2518 4167 2667 4220 Hom.

272 4241 305 4288 4
337 4242 386 4287 et
423 4239 451 4286 5
491 4240 624 4301 apud
659 4242 875 4293 Tzetzam
907 4244 1054 4306 Exeg.
1095 4242 1236 4291 Iliad.
1273 4244 1344 4292 ed.
1385 4245 1559 4294 Herm.
1596 4260 1642 4308 p.
1682 4245 1731 4302 8,
1764 4247 1869 4293 tum
1903 4244 1954 4293 in
1991 4245 2138 4295 Anth.
2177 4245 2279 4296 Pal.
2319 4247 2411 4296 xl.
2445 4249 2563 4299 442.

346 4320 402 4382 6)
436 4318 580 4383 Quod
616 4324 825 4373 ostendit
859 4324 1052 4375 Volkm.
1088 4323 1157 4373 Ll.
1195 4340 1241 4388 Ρ.
1282 4324 1394 4375 855.

353 4401 407 4466 7)
442 4398 602 4448 Flach.
642 4402 711 4453 1.1.
745 4421 792 4469 Ρ.
829 4408 942 4468 5ος.

351 4484 405 4545 8)
439 4479 609 4545 Ipsum
647 4487 806 4536 tamen
840 4485 1132 4552 epigramma
1168 4486 1388 4539 Ciceroni
1421 4492 1588 4541 notum
1621 4487 1765 4538 fuisse
1800 4502 1896 4538 non
1932 4487 2137 4549 videtur,
2172 4489 2233 4540 cf.
2269 4491 2417 4544 Flach
2446 4494 2517 4545 l.l.
2548 4513 2598 4562 p.
2618 4498 2663 4548 6.
