3351 5463
1229 346 1726 394 Ams'rornfflns.
2417 315 2420 322 ’
2545 323 2676 391 275

292 511 496 577 alium
542 510 831 589 calvum,
882 515 946 576 et
991 506 1233 576 locum‘
1257 512 1346 576 sic
1393 531 1526 576 esse
1566 509 2099 576 construendum:
2143 509 2248 574 καὶ
2290 514 2379 588 μὴ
2419 511 2673 590 ἀφαίρει

293 619 501 698 ἀνδρὸς
566 616 815 698 ἔχοντος
878 619 947 684 τὸ
1007 619 1289 695 μέτωπον
1351 618 1949 694 γενναιοτάτου
2012 623 2126 682 τῶν
2187 623 2466 689 ποιητῶν.
2538 618 2677 682 Iam

291 745 441 790 vero
506 733 767 811 apparet
828 724 1143 790 scribendi
1205 745 1401 788 usum
1462 723 1669 803 (nulla
1732 708 1906 788 enim
1969 724 2073 789 hic
2102 728 2217 789 ·est
2261 725 2520 809 parodia
2565 728 2679 788 aut

290 831 800 917 paratragoedia)
847 829 1171 915 postulare
1222 833 1327 892 τοῦ
1378 829 1839 905 γενναιοτάτου.
1889 829 2073 909 Quod
2121 832 2272 915 quia
2309 835 2513 894 metro
2553 849 2678 892 non

288 936 672 1014 admittitur,
744 941 994 1001 certum
1064 956 1200 1000 esse
1272 937 1571 1000 existimo
1611 927 2082 1012 ’γενναιοτάτου
2151 935 2486 1021 glossema,
2541 953 2676 998 esse

292 1043 609 1128 genuinae
667 1041 992 1118 lectionis,
1062 1042 1203 1106 sive
1275 1044 1409 1106 τοῦ
1474 1040 2016 1118 κομψοτάτου
2083 1043 2218 1107 sive
2281 1042 2680 1121 τάνδρειο-

293 1147 390 1212 τά
407 1171 489 1212 το
508 1170 541 1211 υ
588 1149 803 1232 aptius
848 1146 1175 1212 iudicetur
1192 1196 1205 1211 .
1644 1131 1649 1136 ⁸

380 1367 488 1432 Vs·
538 1365 692 1432 815.
742 1363 819 1430 ὧν
868 1366 1463 1446 καταχρεμψαμένη
1515 1365 1694 1441 μέγα
1743 1362 1848 1428 καὶ
1898 1367 2155 1444 πλατύ,

745 1476 971 1536 Μοῦσα
1018 1473 1161 1548 θεά,
1212 1474 1354 1548 μετ’
1404 1472 1549 1546 ἐμοῦ
1600 1469 1918 1550 ξύμπαιζε
1969 1474 2108 1561 τὴν
2157 1471 2453 1549 ἑορτήν.

230 1656 237 1662 .
291 1580 527 1672 Malim
574 1580 780 1653 τήνδ’
831 1579 1110 1653 ἑορτήν.
1163 1576 1258 1645 Cf.
1310 1578 1467 1643 Ran.
1525 1574 1609 1643 ’72
1662 1579 2052 1658 παννυχίδας
2081 1616 2187 1655 -,
2234 1571 2302 1642 αἳ
2347 1576 2495 1658 τῇδε
2546 1577 2682 1655 πρέ-

292 1709 503 1752 πουσιν
551 1670 821 1768 {opu-55,
874 1685 1005 1751 393
1056 1693 1199 1760 τῆς
1247 1694 1392 1760 σῆς
1444 1685 1667 1764 ἑορτῆς.

382 1889 493 1954 Vs.
542 1887 699 1954 836.

520 1993 698 2062 Serv.
749 1995 911 2066 τίνες
959 1994 1113 2072 γάρ
1161 1995 1275 2059 εἰτ’
1322 1993 1373 2058 οἱ
1424 1991 1858 2073 διατρέχοντες
1907 1991 2200 2072 άστέρες,

746 2092 801 2165 οἳ
846 2100 1130 2174 καόμενοι
1181 2099 1438 2176 θέουσιν;

291 2205 436 2271 Non
498 2207 795 2271 cohaeret
853 2206 1007 2270 haec
1056 2207 1343 2290 quaestio
1389 2225 1539 2268 cum
1568 2206 1971 2290 praegressis
1990 2251 2007 2281 ,
2055 2206 2274 2289 itaque
2319 2206 2537 2290 inepta
2583 2210 2681 2270 est
2751 2282 2758 2283 ἶ

292 2311 609 2396 particula
654 2310 809 2392 yves„
853 2311 1145 2377 Fortasse
1190 2309 1633 2376 scribendum:

746 2415 909 2488 τίνες
958 2416 1128 2482 πότ’
1178 2416 1291 2481 εἰτ’
1341 2429 1483 2480 κτλ.
1532 2421 1646 2481 aut
1683 2414 1892 2481 lenius
1930 2414 2089 2488 τίνες
2137 2413 2192 2478 δ’
2235 2414 2346 2494 ἄρ’
2390 2415 2504 2480 εἰτ’
2547 2416 2676 2482 κτὲ.

384 2616 491 2681 Vs·
544 2616 696 2683 668.
749 2618 782 2690 ἦ
832 2623 985 2688 παῖς
1034 2617 1365 2695 λέλουται,
1416 2608 1520 2682 καὶ
1574 2617 1658 2683 τά
1707 2625 1820 2691 τῆς
1868 2623 2077 2694 πυγῆς
2124 2615 2336 2681 καλά·

751 2723 779 2789 ὃ
830 2728 1111 2795 πλακοῦς
1156 2722 1457 2806 πέπεφθ’,
1510 2727 1542 2800 ἦ
1591 2729 1850 2802 σησαμῆ
1897 2722 2425 2802 ξυμπλάττεται,

747 2829 881 2899 καὶ
933 2827 1124 2894 τᾶλλ’
1174 2818 1792 2907 άπαξάπαντα·
1844 2836 1950 2897 τοῦ
1999 2828 2182 2902 πέους
2230 2831 2294 2895 δὲ
2340 2829 2450 2895 δεῖ.

290 2937 459 3021 Apte
507 2935 617 3000 sed
664 2935 880 3019 paullo
928 2935 1273 3001 violentius
1319 2936 1598 3022 Blaydes
1636 2938 1940 3001 coniecit:

360 3118 369 3127 ·
752 3041 855 3105 καὶ
904 3039 1091 3106 τᾶλλ’
1140 3042 1439 3119 ἑτοῖμα
1489 3042 1740 3107 πάντα·
1791 3058 1931 3107 κτλ.

289 3145 352 3211 Ν
354 3167 425 3211 ec
464 3144 911 3221 ἁπαξάπαντα
949 3169 1027 3213 ex
1064 3150 1147 3212 iis
1186 3147 1516 3214 vocabulis
1554 3152 1682 3225 est,
1734 3169 1892 3232 quae
1937 3147 2215 3213 librariis
2259 3152 2327 3213 in
2372 3155 2680 3235 promptu

289 3257 465 3316 sunt.
544 3252 773 3317 Potius
852 3252 1229 3318 crediderim
1291 3274 1395 3319 eos
1474 3253 1704 3318 vocula
1772 3254 1875 3317 καὶ
1947 3252 2342 3339 supplevisse
2413 3277 2681 3340 parvam

286 3359 479 3424 initio
527 3379 749 3425 versus
795 3357 1090 3423 lacunam
1139 3366 1203 3423 et
1250 3358 1393 3423 coll.
1443 3360 1731 3424 Acharn..
1774 3358 1948 3423 1080
1996 3360 2430 3445 reponendum
2479 3382 2613 3427 esse

750 3464 1019 3544 (πάρα)
1068 3458 1258 3530 τᾶλλ’
1312 3461 1791 3540 άπαξάπαντα·
1842 3470 1948 3531 τοῦ
2000 3467 2180 3538 πέους
2227 3466 2288 3531 δὲ
2337 3468 2450 3532 δεῖ.

383 3680 492 3746 Vs·
543 3678 696 3749 ¹741.
743 3680 885 3755 τούς
933 3684 983 3747 θ’
1038 3682 1391 3767 Ἡρακλέας
1439 3684 1580 3757 τοὺς
1618 3682 2086 3771 ,μάττονταςῶ
2134 3685 2269 3750 καὶ
2318 3686 2505 3758 τοὺς
2553 3709 2686 3751 πει-

2143 3797 2371 3864 νῶντας
2421 3792 2679 3865 ἐκείνους

750 3892 1004 3969 ἑξήλαο’
1051 3897 1379 3973 ἀτιμώσας
1428 3902 1683 3977 πρῶτος.

289 3997 435 4063 Non
496 4004 752 4063 tantum
806 3998 1170 4077 μάττοντας
1220 4003 1325 4083 (cf.
1376 4002 1677 4088 Blaydes)
1725 4006 2082 4088 suspicione
2128 4025 2256 4069 non
2302 4010 2520 4083 vacat,
2569 4006 2680 4071 sed
2765 4009 2773 4017 '

290 4108 491 4169 etiam
552 4109 865 4190 repetitus
928 4107 1255 4172 articulus.
1323 4107 1614 4173 Fortasse
1674 4108 1884 4174 deleto
1948 4113 2293 4195 posteriore
2357 4111 2499 4182 τοὺς
2562 4133 2678 4197 pro

292 4220 431 4275 ΚΑΙ
498 4212 976 4277 rescribendum
1042 4222 1231 4277 ΚΑἘΞΙ
1304 4235 1352 4278 S.
1420 4223 1646 4279 KAleI
1714 4216 1848 4279 κάεὶ
1913 4216 2022 4281 vel
2069 4220 2284 4303 potius
2333 4218 2491 4300 κᾴεὶ.
2557 4216 2682 4297 Qui

287 4316 619 4401 hucusque
665 4320 849 4401 quasi
894 4320 1065 4384 cives
1112 4318 1364 4384 fuerant
1410 4322 1476 4385 in
1526 4342 1743 4399 scena,
1785 4323 2046 4387 civitate
2085 4325 2450 4407 privaverat
2489 4330 2679 4411 poeta

291 4423 693 4505 (ἀτιμώσας).
