3351 5463
610 345 741 430 '218
1290 383 1501 432 oonnx
1548 382 1781 429 APULm
1826 381 2319 429 nonvinnuuus.

608 551 803 634 stigia
838 551 1077 613 ueteris
1118 551 1465 633 scripturae
1504 571 1532 611 r
1578 547 1912 611 ostendant
1958 547 2166 611 keulat
2215 546 2371 611 olim
2421 549 2737 633 scriptum
2778 548 3000 612 fuisse.

607 654 792 718 Hanc
851 675 1005 720 uero
1062 657 1448 739 scripturam
1506 655 1601 716 ita
1656 658 1866 718 ortam
1913 674 2046 718 esse
2095 655 2412 736 suspicor:
2463 651 2587 732 Qui
2640 655 2895 738 scripsit
2939 663 3000 732 φ

608 763 677 824 in
750 759 1042 852 exemplo
1110 765 1187 840 (r)
1257 758 1446 823 modo
1517 757 1812 822 distinxit
1880 759 1994 820 heu
2053 757 2245 841 idque
2308 762 2648 842 postquam
2711 760 3006 822 exarauit

607 867 891 950 spatium
953 863 1217 948 reliquit
1259 883 1561 928 uacuum.
1612 862 1730 926 Ille
1776 865 1888 946 qui
1933 867 2152 946 postea
2195 861 2456 926 lacunas
2503 861 2808 948 impleuit
2857 861 3000 942 (φ’)

608 971 835 1034 habuit
878 969 1159 1035 codicem
1205 972 1273 1032 in
1320 991 1445 1054 quo
1492 968 1784 1054 legebat:
1835 970 1950 1031 keu
1999 969 2192 1032 eiulat
2236 968 2605 1053 discissaque
2653 974 2716 1032 et
2763 989 2999 1054 parum

492 1089 501 1096 ’
610 1097 762 1141 sano
809 1076 1047 1139 iudicio
1095 1096 1249 1139 usus
1297 1075 1445 1139 inde
1491 1073 1824 1138 transtulit
1868 1077 1939 1137 in
1985 1082 2039 1153 Φ
2089 1073 2312 1138 eadem
2359 1073 2474 1138 illa
2516 1073 2866 1150 uocabula,
2906 1077 3008 1138 ita

609 1188 685 1246 ut
731 1181 907 1246 fieret
953 1183 1067 1244 heu
1111 1183 1224 1243 heu
1274 1180 1482 1244 eiulab.
1531 1180 1730 1244 Porro
1780 1182 2012 1244 tertius
2057 1179 2170 1244 ille
2217 1179 2400 1258 liber,
2451 1201 2528 1244 ex
2577 1201 2702 1264 quo
2749 1181 3036 1244 hauris—-

608 1289 719 1352 bat
778 1284 863 1376 cp?
925 1286 1135 1351 fuerat
1198 1287 1553 1370 descriptus
1617 1307 1696 1349 ex
1758 1309 1786 1349 r
1848 1285 2151 1350 mutilato
2171 1334 2188 1364 ‚
2254 1291 2332 1349 ut
2378 1291 2442 1349 et
2487 1287 2623 1370 ipse
2668 1285 3006 1370 praeberet

610 1395 723 1456 heu
787 1437 1154 1470 .........
1224 1411 1416 1476 quam
1480 1390 1776 1456 lacunam
1838 1413 1916 1456 ex
1981 1391 2147 1456 libro
2166 1439 2182 1468 ,
2252 1392 2361 1476 qui
2412 1396 2708 1455 exaratus
2755 1389 2995 1466 fuerat,

610 1519 735 1583 quo
804 1503 1090 1582 tempore
1154 1521 1182 1561 r
1238 1502 1374 1562 erat
1436 1496 1643 1561 adhuc
1705 1499 1958 1583 integer
2021 1496 2253 1581 aliquis
2315 1495 2601 1581 expleuit
2668 1495 3004 1559 inserendo

610 1603 820 1666 οἰκίαι.
884 1601 1065 1681 Quod
1125 1605 1179 1666 si
1242 1623 1498 1666 uerum.
1535 1609 1629 1666 est
1695 1623 1772 1666 ex
1835 1626 1863 1666 r
1918 1601 2220 1666 mutilato
2269 1602 2394 1666 duo
2441 1589 2962 1665 fluxerunt-libri
2985 1648 3008 1677 ‚

610 1728 885 1793 quorum
932 1707 1095 1772 alter
1139 1708 1264 1772 fuit
1310 1715 1364 1789 φ
1382 1755 1398 1785 ,
1449 1713 1790 1794 postquam
1833 1714 2016 1773 antea
2055 1729 2134 1772 ex
2175 1732 2203 1772 r
2239 1710 2494 1793 integro
2532 1709 2764 1770 tertius
2803 1705 3010 1771 codex

612 1820 746 1878 erat
794 1814 1166 1900 descriptus.

1515 1959 1543 1999 f

1100 2022 1547 2078 ...—-—J¹

1060 2066 1114 2190 cl')
1568 2111 1898 2194 liber'quo
1938 2064 2094 2175 dsus
2133 2115 2230 2175 est
2267 2111 2364 2192 45³·
2419 2111 2531 2177 lib.
2581 2115 2834 2198 integer

1024 2221 1138 2282 heu
1929 2218 2043 2280 heu
2495 2217 2730 2282 heiulat

748 2324 1034 2410 expletor
1077 2324 1456 2389 lacunarum
1626 2325 1939 2387 corrector
1982 2321 2133 2387 libri
2183 2343 2308 2407 quo

736 2435 839 2510 (=
863 2431 972 2511 φ3)
1021 2452 1096 2495 ex
1143 2451 1257 2495 suo
1306 2429 1472 2494 libro
1682 2449 1837 2493 usus
1884 2434 1980 2492 est
2025 2425 2132 2506 <2³³3
2181 2449 2259 2492 ex

951 2541 1226 2602 correcto
1741 2534 1906 2598 libro
1951 2536 2206 2620 integro

778 2683 782 2690 -
838 2645 952 2707 heu
996 2645 1112 2707 heu
1158 2643 1367 2706 eiulat.
1792 2642 1906 2704 heu
1953 2639 2163 2705 eiulat.

701 2829 765 2895 Is
838 2851 985 2895 uero
1047 2834 1159 2914 qui
1218 2831 1478 2896 lacunas
1537 2834 1607 2894 in
1669 2836 1723 2909 φ
1787 2828 2090 2913 impleuit
2155 2830 2516 2894 recensione
2581 2832 2799 2892 textus
2850 2828 2930 2893 ab
2979 2852 3014 2892 ι·-

613 2934 817 3001 aliena
882 2957 1037 3001 usus
1101 2956 1235 3001 esse
1298 2959 1425 3002 non
1486 2942 1735 3021 potest:
1798 2956 1949 2999 nam
1994 2934 2196 2999 talem
2240 2933 2484 3000 librum
2533 2938 2588 2999 si
2633 2935 3002 3011 habuisset,

612 3044 965 3126 scripsisset
1012 3041 1249 3107 heulat
1293 3042 1402 3107 uel
1448 3041 1713 3107 heiulat
1760 3062 1873 3126 pro
1921 3043 2034 3104 heu
2079 3043 2191 3104 heu
2241 3041 2452 3105 ciulac.

643 3207 646 3210 .
706 3145 1261 3233 Comparationem
1315 3151 1483 3213 inter
1536 3147 1982 3233 supplementa
2044 3154 2098 3225 φ
2146 3152 2209 3209 ct
2259 3146 2291 3211 δ
2339 3144 2644 3210 facillime
2692 3146 3005 3209 faciemus

610 3235 963 3338 utrumque
1010 3259 1266 3319 tex-tum
1310 3252 1583 3318 fideliter
1629 3251 2134 3318 transcribendo:

702 3442 811 3507 fol.
864 3442 950 3507 43
998 3464 1051 3508 r.

611 3556 665 3627 Φ
712 3551 801 3612 At
881 3548 999 3612 illa
1112 3552 1451 3632 parentum
1566 3567 1833 3611 suorum
1949 3544 2234 3628 alioquin
2357 3564 2651 3608 reuerens
2741 3545 2954 3608 inuita

702 3653 811 3718 fol.
865 3651 950 3717 59
998 3674 1062 3717 u.

614 3761 647 3825 δ
686 3762 809 3827 ‚At
843 3758 1003 3823 illa
1042 3751 1489 3843 parentum
1530 3778 1868 3822 suorum
1907 3755 2295 3840 alioquin
2334 3775 2704 3819 reuerens
2743 3756 3006 3819 inuita.

610 3875 664 3946 φ
736 3863 995 3950 quidem
1085 3884 1316 3927 uerum
1384 3865 1583 3927 etiam
1613 3861 1659 3943 ¹)
1706 3864 2070 3927 necessitati
2253 3860 2552 3945 religiose
2711 3880 3005 3924 succum-

613 3971 646 4035 δ
706 3969 1037 4053 quidem
1084 3990 1373 4033 uerum
1645 3967 2066 4054 religiose
2113 3967 2617 4030 necessitati
2646 3963 3002 4045 ²)suceu·

611 4085 665 4155 φ
713 4075 887 4139 bens.
957 4073 1153 4138 uultu
1244 4094 1369 4137 non
1478 4056 1739 4158 cuidem
1852 4071 2080 4156 hylaro
2153 4072 2224 4151 (i.
2251 4094 2325 4135 m.
2352 4070 2652 4156 hyllaro)‚
2727 4092 2962 4135 uerum

615 4183 648 4246 δ
708 4182 869 4245 buit.
933 4178 1182 4243 uultu
1229 4200 1387 4243 non
1432 4178 1771 4266 quidem
1816 4176 2112 4275 hylalss
2705 4197 3001 4241 uerum

680 4412 729 4471 1)
762 4410 909 4459 etiam
943 4423 1039 4456 non
1072 4406 1269 4471 praebet
1302 4422 1347 4454 r.

678 4492 733 4555 2)
771 4490 960 4539 lineolis
993 4488 1272 4553 subscriptis
1305 4488 1581 4537 indicantur
1614 4487 1906 4552 scripturae,
1941 4486 2112 4550 quibus
2148 4484 2177 4534 ὃ
2209 4486 2370 4535 differt
2405 4485 2464 4535 ab
2495 4490 2552 4547 φ.
