3351 5463
730 353 819 420 28
1800 370 2032 418 uvius.

727 540 918 599 motu
961 535 1269 619 fugientis
1316 535 1808 618 quinqueremis.
1857 532 2011 597 Mox
2051 536 2222 597 enim
2260 555 2491 600 navem
2536 535 2888 598 concitatam
2927 539 3115 600 remis

728 647 950 726 quanto
994 639 1245 702 maximo
1290 639 1512 722 impetu
1546 647 1836 721 poterant
1881 639 1948 702 in
1996 645 2213 701 terram
2252 663 2381 702 cum
2418 639 2795 704 immisissent
2837 689 2852 705 .
2882 689 2897 705 .
2927 688 2941 705 .
2980 641 3115 724 ipsi

728 752 1056 808 evaserunt.

812 849 972 913 Vide
1038 870 1116 913 ne
1184 849 1414 915 Livius
1483 851 1804 933 scripserit
1874 849 2174 912 celeriter
2239 873 2269 913 s
2285 873 2317 914 e
2384 852 2610 914 subtr
2625 852 2924 929 abentem3
3022 852 3107 918 cl.

721 955 829 1020 28.
858 955 965 1020 25.
993 956 1034 1021 2
1085 957 1466 1020 subtrahente
1508 978 1589 1019 se.

815 1181 868 1224 c.
921 1158 1026 1224 30.
1057 1157 1163 1223 30.
1231 1159 1316 1221 E't
1375 1159 1887 1242 quemadmodum,
1955 1158 2144 1243 quia
2206 1182 2244 1221 a
2290 1182 2377 1222 me
2425 1157 2835 1241 (Hannibale)
2882 1163 3103 1226 bellum

726 1272 986 1346 coeptum
1030 1272 1153 1342 est,
1203 1286 1278 1327 ne
1323 1286 1488 1348 quem
1533 1263 1661 1326 eius
1695 1265 2051 1346 poeniteret.
2106 1313 2120 1328 .
2150 1311 2164 1328 .
2196 1312 2210 1328 .
2248 1266 2577 1347 praestiti,
2614 1265 2707 1330 ita
2742 1268 2993 1332 aduitae·
3030 1291 3108 1331 ue

725 1392 891 1455 quem
927 1371 1105 1452 pacis
1138 1392 1258 1451 per
1301 1391 1388 1432 me
1421 1370 1753 1451 poeniteat.

816 1475 1091 1539 Puerilis
1153 1476 1317 1539 ratio
1383 1474 1570 1539 datur
1631 1493 1746 1540 cur
1808 1497 1921 1560 per
1980 1479 2077 1568 tot
2136 1496 2329 1540 annos
2374 1475 2572 1541 talem
2618 1475 2993 1543 bellatorem
3040 1500 3108 1543 se

727 1579 1052 1645 Hannibal
1087 1582 1511 1664 praestiterit,
1552 1584 1702 1665 quia
1740 1581 1979 1646 scilicet
2019 1579 2218 1646 semel
2249 1580 2490 1646 bellum
2514 1581 2833 1667 coeperat!
2876 1583 3106 1651 Livius

727 1684 1051 1773 eleganter
1110 1691 1176 1749 et
1235 1687 1480 1750 concise
1544 1689 1636 1750 ita
1687 1687 1919 1750 edidit:
1969 1688 2178 1771 quod
2220 1711 2259 1750 a
2303 1709 2391 1750 me
2438 1688 2490 1750 b.
2540 1695 2803 1770 coeptum
2852 1697 2941 1752 est
2986 1697 3109 1770 (er-

721 1813 930 1856 rorem
989 1793 1235 1876 peperit
1294 1811 1562 1876 sequens
1609 1799 1695 1868 a),
1766 1795 1870 1856 cui
1919 1798 2087 1857 recte
2135 1794 2481 1877 opponitur
2526 1813 2651 1878 pax
2700 1815 2736 1858 a
2767 1800 2847 1860 'se
2894 1801 3099 1880 parta.

726 1895 823 1962 Cf.
889 1895 996 1961 29.
1030 1895 1132 1960 19.
1164 1893 1201 1962 '7
1273 1919 1420 1982 quas
1493 1897 1759 1960 iniurias
1826 1897 1943 1960 sibi
1993 1899 2216 1982 factas
2279 1906 2682 1982 quererentur,
2755 1923 2855 1963 eas
2917 1923 3105 1986 neque

724 2010 964 2066 senatus
1010 2025 1195 2087 neque
1229 2025 1302 2084 p.
1354 2003 1432 2067 It.
1465 2005 1691 2088 factus
1735 2004 1888 2066 velle
1935 2009 1999 2067 et
2042 2003 2251 2068 multa
2296 2003 2555 2069 similia.

820 2243 871 2286 c.
923 2219 1030 2285 33.
1061 2220 1164 2285 16.
1235 2221 1439 2284 Donec
1498 2220 1763 2305 undique
1828 2220 2229 2284 incidentibus
2286 2221 2423 2284 telis
2484 2222 2679 2284 exacti
2727 2222 3101 2306 (elephanti)

726 2349 797 2391 esc
861 2327 1133 2389 Romana
1193 2326 1321 2388 acie
1365 2327 1432 2388 ki
1477 2349 1702 2411 quoque
1747 2325 1829 2388 in
1874 2349 1904 2389 s
1920 2349 1961 2388 u
1978 2348 2010 2388 ο
2056 2329 2263 2389 dextro
2310 2348 2493 2389 cornu
2509 2375 2525 2402 ,
2574 2327 2738 2407 ipsos
2793 2327 3100 2408 Cartkaqi-

727 2431 1022 2496 niensium
1094 2431 1350 2516 equites,
1420 2432 1502 2494 in
1548 2432 1613 2515 f
1619 2455 1661 2493 u
1669 2453 1837 2511 qam
1898 2438 2329 2496 verterunt.
2392 2431 2642 2494 Laelius
2704 2440 2773 2495 ut
2829 2434 3093 2496 turbatos

730 2538 885 2601 vidit
930 2538 1122 2600 hostes
1168 2537 1414 2600 addidit
1445 2537 1750 2618 perculsis
1797 2544 2093 2599 terrorem.

815 2642 994 2706 Libri
1063 2642 1322 2706 secundi
1393 2642 1663 2719 ordinis,
1738 2662 1887 2705 nam
1958 2641 2169 2706 deficit
2230 2642 2589 2719 Puteanus,
2652 2642 2765 2706 has
2829 2642 3100 2708 offerunt

727 2748 1060 2814 lectiones:
1127 2748 1194 2811 in
1240 2771 1374 2811 suos
1421 2751 1690 2812 deutrum
1739 2771 1918 2811 cornu
1940 2797 1956 2826 ,
2006 2748 2071 2811 in
2116 2770 2253 2811 suos
2299 2750 2505 2811 dea-tro
2553 2771 2625 2825 c.,
2672 2750 2739 2811 in
2784 2771 2889 2812 suo
2936 2752 2998 2814 d.
3047 2773 3096 2814 c.

725 2855 1134 2919 Postremum
1196 2853 1499 2938 praetulit
1567 2854 2035 2929 Weissenborn,
2101 2853 2210 2917 sed
2267 2856 2408 2918 iure
2468 2852 2787 2918 Luchsius
2849 2854 3094 2941 proleg.

722 2957 1091 3024 CXXXXV
1138 2958 1545 3023 offensionem
1592 2960 1739 3022 inde
1788 2962 1955 3043 cepit
2006 2958 2217 3043 „quod
2264 2958 2584 3042 elephanti
2628 2958 2696 3021 in
2732 2981 2837 3022 suo
2878 2959 3096 3025 dextro

722 3085 960 3141 „cornu
1024 3063 1304 3148 aliquem
1367 3064 1621 3149 fugasse
1671 3063 1990 3140 dicuntur,
2038 3084 2186 3127 cum
2233 3065 2446 3147 potius
2492 3063 2561 3125 in
2604 3085 2842 3126 suorum
2888 3066 3095 3127 dea-tro

722 3191 946 3247 „cornu
993 3173 1331 3253 exspecteS.
1381 3166 1474 3235 Cf.
1522 3167 1628 3232 30.
1663 3167 1766 3232 18.
1799 3169 1876 3231 11
1921 3167 2340 3251 (elephantos)
2381 3189 2573 3231 omnes
2611 3175 2768 3231 retro
2805 3169 2873 3232 in
2912 3170 3093 3232 aciem

720 3296 997 3353 „suorum
1044 3275 1447 3338 averterunt.’'
1497 3273 1639 3359 Ipse
1687 3274 1885 3338 edidit
1923 3274 1990 3335 in
2027 3296 2196 3349 suos,
2239 3274 2510 3335 dea-trum
2550 3295 2730 3335 cornu
2770 3279 2837 3337 at
2876 3278 3089 3338 tamen

717 3382 914 3444 sensit
962 3384 1106 3444 tum
1154 3400 1343 3463 supra
1391 3400 1643 3464 quoque
1690 3382 1758 3443 in
1799 3379 1935 3443 loco
1973 3376 2309 3442 simillimo
2348 3380 2383 3461 ξ
2413 3377 2495 3442 13
2533 3381 2761 3443 invitis
2783 3378 2856 3443 ll.
2883 3379 3092 3465 legen-

719 3483 875 3548 dum
920 3484 1250 3548 sinistrum.
1300 3483 1424 3549 Sed
1472 3485 1823 3549 describam
1866 3482 2060 3546 illum
2106 3482 2320 3569 locum
2374 3486 2449 3546 ut
2504 3482 2781 3547 alterum
2844 3504 3088 3569 quoque

709 3590 956 3653 'vitium
997 3595 1315 3673 appareat.
1367 3589 1610 3674 Nempe
1649 3588 1840 3674 paulo
1882 3592 2027 3652 ante
2065 3590 2133 3649 in
2175 3586 2375 3652 altero
2412 3608 2611 3652 cornu
2640 3609 2897 3673 prorsus
2919 3589 3086 3654 idem

717 3697 1108 3761 obtinuerat:
1184 3696 1356 3759 tubae
1425 3717 1758 3779 cornuaque
1828 3695 1899 3756 ab
1969 3693 2258 3755 Romanis
2328 3693 2699 3775 cecinerunt,
2779 3700 3088 3779 tantusque

713 3802 934 3864 clamor
973 3808 1156 3879 ortus,
1196 3808 1262 3863 ut
1304 3801 1646 3883 elephantos
1684 3801 1768 3862 in
1814 3821 2026 3875 suos,
2067 3797 2418 3861 sinistro
2459 3799 2777 3861 maxime
2815 3821 3091 3888 cornu,¹

711 3912 1247 3983 verterentur,
1298 3907 1551 3969 Mauros
1589 3929 1660 3968 ac
1700 3905 2029 3978 Numidas;
2072 3904 2317 3967 addidit
2336 3904 2548 3988 facile
2585 3904 2925 3967 Masinissa
2948 3927 3089 3987 per-

711 4011 894 4074 culsis
944 4018 1221 4075 terrorem
1238 4058 1254 4089 ,
1306 4012 1673 4096 nudavitque
1719 4013 1790 4073 ab
1839 4034 1905 4073 ea
1940 4015 2125 4092 parte
2171 4009 2353 4072 aciem
2400 4008 2659 4094 equestri
2708 4009 2959 4072 aua-ibic.

805 4115 1224 4180 Manifestum
1266 4120 1359 4179 est
1394 4116 1731 4200 utrobique
1769 4114 2116 4201 legendum
2140 4133 2308 4179 esse:
2352 4113 2433 4175 in
2471 4135 2649 4175 suos
2697 4113 3080 4190 sinistro,

713 4226 826 4286 aut
863 4222 1141 4283 dea-tro
1162 4268 1178 4296 ,
1223 4242 1485 4284 cornu.
1533 4220 1674 4285 Illic
1716 4221 1970 4285 additur
2008 4218 2259 4282 maxime
2298 4221 2447 4303 quia
2485 4214 2745 4303 quidam
2785 4218 2946 4294 forte
2972 4218 3083 4283 ele-

711 4327 937 4413 phanti
984 4325 1108 4389 alio
1158 4325 1568 4402 aberrarunt,
1619 4327 1788 4411 quod
1828 4331 2085 4410 propter
2124 4324 2386 4388 Luchsii
2423 4326 2801 4410 gravamina
2838 4345 3079 4388 moneo,

716 4432 840 4499 Sed
900 4432 1019 4497 hoc
1084 4451 1335 4515 quoque
1398 4431 1817 4496 manifestum
1882 4433 1951 4495 in
2023 4429 2219 4495 altero
2286 4429 2425 4494 loco
2496 4428 2888 4514 abigendum
2956 4448 3083 4503 esse
