3351 5463
617 377 749 444 278
1562 394 2059 442 Amsrormns.

612 563 1006 627 Morsimum
1054 561 1379 645 scripsisse
1425 558 1724 624 Medeam
1743 607 1774 640 ,,
1805 562 1874 622 in
1923 580 2048 644 qua
2084 558 2324 624 Iasonis
2365 561 2565 644 partis
2603 549 3000 624 Melanthius

546 693 551 698 ·
615 671 854 754 egerit,
908 669 1176 742 coniecit
1212 666 1538 731 Fritzsche
1576 666 1653 730 ad
1694 664 1853 730 Ran.
1902 662 2048 747 151,
2094 687 2287 750 quam
2327 667 2759 731 coniecturam
2799 687 3005 752 nuper

550 843 557 851 ,
613 777 683 840 in
743 775 1168 859 Mnemosyne
1222 772 1417 837 huius
1466 774 1615 836 anni
1662 791 1811 857 pag.
1859 772 1954 836 ita
1999 770 2336 856 amplexus
2384 793 2528 836 sum
2551 820 2566 850 ,
2617 778 2693 836 ut
2736 771 3004 838 Medeae

615 883 831 966 potius
878 886 1091 966 partes
1140 881 1345 964 egerit
1365 926 1379 955 ,
1430 883 1793 962 perpetrata
1838 875 2189 942 liberorum
2238 877 2442 969 caede·
2471 881 2562 943 sic
2601 877 2730 944 fere
2765 877 3008 942 lamen-

616 989 814 1050 tantis
1743 1037 1752 1044 .
2144 1055 2150 1064 ι

1110 1089 1346 1164 ὀλόμαν
1394 1089 1630 1164 ὀλόμαν
1654 1089 2147 1169 ’ἀποχηρωθεῖσ”,

1113 1192 1157 1259 ἅ
1206 1195 1319 1275 σφ’
1370 1195 1430 1256 ἔν
1483 1193 1822 1269 καμάτοισι
1875 1191 2340 1280 λοχευσαμένα.

615 1303 787 1382 Quae
834 1304 890 1366 si
936 1322 1088 1367 vera
1134 1306 1230 1365 est
1274 1302 1580 1385 suspicio,
1610 1289 2101 1379 ’ἀποχηρωθεῖσα
2149 1304 2246 1364 est
2293 1300 2534 1377 orbata,
2582 1304 2659 1363 ut
2703 1305 2890 1380 χῆρος
2938 1305 3007 1363 et

598 1412 840 1487 χηρῶν
885 1427 1011 1470 non
1056 1413 1314 1470 tantum
1361 1405 1437 1470 de
1484 1405 1688 1471 viduis
1735 1405 1844 1470 sed
1894 1408 2092 1470 etiam
2139 1405 2214 1468 de
2269 1405 2427 1467 orbis
2472 1410 2883 1490 usurpantur.
2915 1441 3004 1454 —-

616 1513 717 1578 Ad
782 1512 1117 1591 ἀνθρώπους
1183 1511 1459 1599 Blaydes
1524 1517 1788 1576 annotat
1837 1511 2069 1588 „Latet
2115 1511 2380 1591 fortasse
2429 1510 2606 1576 aliud
2649 1511 2870 1597 quid.”
2919 1512 3008 1576 Et

616 1622 755 1705 ipse
819 1621 952 1683 iam
1022 1615 1181 1682 olim
1247 1620 1341 1681 ita
1401 1617 1719 1695 iudicavi,
1783 1620 1936 1701 quia
1996 1619 2331 1694 ἀνθρώπους
2393 1619 2488 1682 ita
2551 1624 2805 1682 tantum
2853 1617 3009 1682 ferri

616 1745 799 1809 posse
861 1724 1199 1808 putabam,
1248 1726 1304 1786 si
1350 1728 1464 1788 aut
1513 1722 1581 1786 di
1627 1729 1741 1787 aut
1792 1707 2025 1787 bestiae
2078 1732 2568 1809 opponerentur,
2620 1728 3012 1809 quapropter

618 1829 756 1901 τοὺς
800 1827 851 1893 δ’
885 1827 1114 1898 ἄλλους
1155 1828 1393 1910 (τῷδ’)
1436 1828 1783 1908 ἐπιχαίρειν
1821 1831 2159 1914 proposui,
2203 1827 2417 1908 ἄνόῧς,
2456 1832 2500 1893 i.
2527 1851 2582 1895 e.
2622 1831 2990 1908 ἀνθρώπους,

616 1957 695 2001 ex
732 1933 966 2006 ἄλλους
1005 1939 1230 2000 natum
1272 1955 1403 2000 esse
1442 1939 1640 1999 ratus.
1689 1934 1904 1998 Hodie
1943 1934 2247 1999 traditam
2287 1933 2626 1999 lectionem
2668 1937 3002 2013 itatueor,

616 2047 691 2106 ut
739 2044 1021 2126 suspicer
1070 2042 1145 2106 de
1190 2041 1507 2104 industria
1552 2043 1645 2104 ita
1691 2042 2018 2124 scripsisse
2063 2046 2358 2124 poetam,
2402 2061 2527 2125 quo
2567 2039 3004 2106 Melanthium

617 2169 745 2212 non
792 2148 1077 2211 hominem
1096 2196 1112 2224 ,
1164 2147 1272 2211 sed
1318 2165 1609 2231 spurcam
1656 2144 1945 2230 aliquam
1991 2145 2265 2210 bestiam
2313 2166 2446 2210 esse
2489 2149 2802 2211 innueret.

709 2358 815 2422 Vs.
868 2357 1063 2423 1034.

890 2465 992 2526 καὶ
1040 2464 1150 2536 τὴν
1196 2460 1513 2542 τράπεζαν
1561 2460 1932 2540 οἴσομαι,
1983 2462 2086 2524 καὶ
2136 2463 2352 2533 παιδὸς
2401 2464 2466 2527 οὗ
2515 2464 2734 2536 δεήσει.

618 2569 689 2634 Si
737 2589 887 2633 sana
930 2568 1122 2632 lectio
1170 2565 1433 2644 οἴσομαι,
1476 2570 1572 2631 est
1608 2566 1757 2629 mihi
1777 2568 2012 2652 feram,
2041 2566 2178 2632 -Sed
2216 2569 2482 2634 sedasse
2505 2591 2658 2635 vera
2682 2573 2999 2656 scriptura.

617 2681 713 2741 est
759 2672 997 2751 οἴσομεν
1021 2701 1102 2725 =
1124 2672 1283 2739 οἴσω.

705 2887 812 2953 Vs.
864 2883 1059 2952 1077.
1106 2884 1390 2950 Hierocl.

884 2995 974 3064 ὥς
1029 2994 1062 3063 ἡ
1112 2990 1422 3070 σφονδύλη
1470 2989 1799 3069 φρύγουσα
1848 2988 2250 3070 πονηρότατον
2297 2990 2475 3070 βδεῖ,

885 3098 973 3175 χή
1038 3095 1291 3159 κώδων
1338 3096 1681 3166 ἀκαλανθὶς
1731 3096 2100 3172 ἐπειγομένη
2147 3097 2368 3176 τυφλὰ
2417 3098 2638 3175 τίκτει,

804 3264 807 3269 .
886 3202 1275 3270 τουτοὶκις
1324 3200 1489 3264 οὔπω
1532 3209 1690 3281 χρῆν
1737 3203 1844 3274 την
1893 3202 2123 3279 εἰρήνην
2170 3204 2558 3276 πεποιῆσθαι.

611 3308 805 3373 Recte
867 3308 1123 3393 quidem
1186 3306 1384 3371 schol.
1447 3304 1715 3393 ἄρχεται
1765 3306 1826 3370 δὲ
1877 3306 2214 3382 ἀδιανόητα
2265 3306 2474 3385 λέγειν
2522 3309 2662 3382 τοὺς
2709 3331 2998 3389 χρησμῳ-

613 3413 745 3484 δοὺξ
794 3413 1164 3491 μιμούμενος
1217 3414 1320 3476 καὶ
1372 3419 1489 3477 τῶν
1533 3419 1830 3491 χρησμῶν
1876 3413 1960 3489 τα
2008 3413 2162 3492 λοξά
2212 3415 2307 3493 (τὸ
2354 3412 2532 3489 λοξόν
2577 3421 2749 3481 recte
2803 3414 2996 3503 Blay-

612 3520 768 3599 des),
832 3523 1049 3604 itaque
1108 3518 1375 3583 fortasse
1435 3522 1576 3583 iure
1621 3540 1738 3583 suo
1786 3524 2061 3583 utuntur
2108 3523 2220 3603 qui
2265 3519 2373 3586 vel
2417 3522 2769 3586 absurdum
2815 3522 2992 3587 istud

613 3624 809 3688 κώδων
867 3624 1206 3693 ἀκαλανθὶς
1269 3628 1552 3701 tuentur,
1602 3627 1898 3709 quamvis
1946 3624 2292 3689 admodum
2343 3628 2625 3712 speciosa
2671 3630 2758 3691 sit
2802 3626 2994 3715 Blay-

609 3732 769 3795 desii
828 3732 1187 3795 coniectura
1250 3728 1652 3794 κώδΙνουσ’
1717 3732 2095 3807 ἀκαλανθίς,
2166 3734 2543 3816 neutiquam
2608 3738 2824 3797 tamen
2883 3752 2991 3797 me
3043 3716 3050 3722 ⁵

606 3836 816 3900 iudice
879 3856 952 3900 eo
1014 3856 1215 3919 usque
1278 3835 1575 3921 progredi
1635 3834 1787 3900 licet
1850 3840 1925 3900 ut
1985 3842 2288 3921 putemus
2351 3843 2608 3922 poetam
2655 3840 2992 3903 notissimo

607 3941 909 4007 adverbio
957 3942 1244 4010 τουτάκις
1266 3988 1281 4018 ,
1330 3941 1501 4025 quod
1543 3946 1903 4005 constanter
1940 3939 2084 4005 τότε
2121 3942 2478 4027 significat,
2519 3944 2584 4007 h.
2608 3941 2652 4006 1.
2692 3942 2991 4007 tribuisse

607 4047 1140 4133 significationem
1202 4052 1337 4109 toto
1400 4046 1575 4110 coelo
1638 4046 1960 4110 diversam
2021 4050 2126 4110 τοῦ
2173 4046 2442 4118 οὕτως.
2513 4048 2776 4112 Accedit
2820 4046 2991 4131 quod

605 4151 1026 4217 ridiculorum
1095 4152 1440 4216 verborum
1508 4151 1822 4235 generalis
1888 4151 2044 4216 haec
2115 4155 2429 4217 sententia
2497 4174 2632 4217 esse
2701 4152 2988 4218 videtur:

609 4258 973 4337 „Quamdiu
1036 4279 1162 4322 non
1223 4261 1516 4320 mutatur
1574 4277 1791 4319 rerum
1853 4262 2118 4336 natura,
2182 4259 2345 4321 hanc
2409 4278 2631 4342 pacem
2703 4258 2990 4322 nondum

607 4364 842 4428 factam
890 4362 1282 4447 oportebat.''
1332 4360 1511 4439 Quod
1557 4363 1648 4425 ita
1693 4366 2105 4445 quantumvis
2152 4362 2416 4427 ridicule
2466 4364 2593 4428 dici
2637 4366 2881 4448 potuit:

879 4466 1006 4545 ἧος
1048 4468 1369 4547 σφονδύλη
1416 4468 1747 4547 φρύγουσα
1792 4467 2203 4548 πονηρότατον
2243 4470 2415 4548 βδεῖ,
