3351 5463
1281 382 1781 437 merorum.
2599 369 2728 437 109

352 554 570 637 opinor
629 551 921 636 deinceps
984 517 1345 616 Charonem
1407 549 1668 616 allocuti
1733 557 1920 629 sunt,
1970 556 2082 637 qui
2129 574 2279 617 cum
2327 554 2588 619 surdam
2638 558 2729 619 eis

356 679 568 723 aurem
613 659 978 743 praeberet,
1028 678 1193 720 unus
1238 657 1470 722 horum
1520 656 1627 722 vel
1673 664 1939 741 quartus
1985 658 2216 744 aliquis
2263 659 2509 724 addidit
2557 682 2735 745 „pro-

354 763 510 828 fecto
569 763 755 829 valde
808 764 990 828 nobis
1036 764 1501 828 stomacharis''
1555 802 1638 811 —-
1687 770 1764 828 ut
1816 769 2090 830 testatur
2137 772 2328 831 tuum
2375 766 2728 832 silentium.

354 868 528 948 Quod
590 890 741 935 vero
803 872 1084 934 comicus
1145 869 1251 934 hic
1298 890 1522 935 versus
1571 874 1639 934 et
1683 872 1968 956 tragicus
2011 871 2378 937 consimiles
2427 880 2579 937 sunt
2597 921 2613 951 ‚
2663 874 2731 937 id

354 995 524 1039 mero
571 978 748 1045 casui
792 976 1071 1039 tribuo·-

439 1185 542 1251 Vs.
592 1184 727 1253 257
754 1208 847 1272 sq.

1303 1300 1778 1358 ΔΙΟΝΤΣΟΣ.

1026 1396 1343 1477 οἰμώζετ’·
1394 1400 1460 1461 οὐ
1508 1398 1634 1477 γάρ
1682 1423 1784 1476 μοι
1833 1398 2033 1476 μέλει.

1313 1512 1763 1568 ΒΛΤΡΛΧΟΙ.

1024 1610 1209 1674 ἀλλὰ·
1248 1612 1369 1685 μὴν
1414 1609 1880 1688 κεκραξόμεοθοε
1932 1611 2060 1675 κτὲ.

341 1713 553 1801 Vulgo
614 1714 888 1801 Dionysi
947 1716 1101 1780 haec
1166 1716 1361 1780 verba
1420 1718 1515 1779 ita
1573 1718 2006 1801 accipiuntur:
2060 1715 2314 1798 plorare
2375 1740 2474 1781 voe
2519 1720 2688 1783 iubeo
2709 1769 2726 1799 ,

336 1843 459 1883 non
496 1819 653 1883 enim
698 1843 837 1884 euro
883 1828 1137 1885 vestrum
1180 1822 1495 1903 strepitum
1520 1870 1534 1899 ‚
1582 1824 1764 1906 quasi
1811 1822 2013 1906 fingat
2050 1843 2174 1887 non
2210 1824 2342 1887 iam
2380 1825 2727 1891 molestum

340 1926 464 1990 sibi
512 1947 648 1991 esse
696 1932 957 1991 cantum
1004 1947 1306 1991 ranarum
1326 1976 1340 2001 ‚
1390 1930 1495 1991 cui
1541 1926 1736 1991 finem
1781 1926 1983 1991 facere
2029 1927 2266 1992 frustra
2311 1930 2502 1993 modo
2549 1951 2731 1997 conae

336 2038 446 2096 tus
496 2036 603 2097 sit.
664 2033 753 2096 At
796 2053 1001 2117 neque
1048 2054 1199 2098 cum
1245 2034 1656 2117 sequentibus
1705 2034 1842 2096 eius
1888 2033 2101 2097 verbis
2147 2033 2303 2098 haec
2349 2038 2724 2114 concinunt,

333 2141 553 2224 pergit
600 2142 775 2203 enim
821 2160 970 2203 cum
1013 2141 1095 2203 iis
1140 2138 1388 2203 bellum
1435 2159 1692 2225 gerere,
1741 2158 1945 2222 neque
1992 2158 2290 2203 ranarum
2337 2138 2502 2204 illud
2549 2141 2725 2206 ἀλλὰ

330 2245 458 2319 μήν
522 2250 671 2329 apte
732 2247 825 2308 ita
884 2248 1098 2329 potuit
1160 2245 1488 2331 subiungi.
1539 2244 1629 2308 Ut
1674 2243 1800 2307 loci
1847 2248 2220 2309 contextum
2268 2228 2726 2329 perspiciamus

332 2350 690 2415 tenendum
736 2355 833 2414 est
870 2350 937 2414 id
975 2350 1145 2434 quod
1185 2350 1593 2415 Hermannus
1632 2348 1788 2413 olim
1830 2349 2230 2426 observavit,
2273 2351 2420 2415 inde
2458 2373 2495 2416 a
2533 2372 2726 2417 versu

332 2456 473 2521 250
535 2455 899 2542 Dionysum
962 2478 1139 2521 remo
1197 2455 1452 2541 pulsare
1500 2476 1732 2540 aquam
1782 2454 1938 2519 dum
1985 2462 2192 2519 tacere
2237 2456 2417 2519 iubet
2462 2456 2726 2541 garrula

328 2560 729 2626 animalcula
776 2562 893 2626 sub
941 2582 1105 2647 aqua
1154 2599 1240 2609 —-
1289 2583 1415 2627 non
1464 2562 1635 2625 enim
1685 2565 2031 2625 cernuntur
2071 2597 2154 2607 —
2195 2561 2450 2625 choreas
2498 2562 2726 2627 ducen-

324 2670 443 2733 tia.
511 2666 573 2731 Ν
574 2688 700 2731 unc
760 2671 978 2731 autem
1043 2667 1231 2731 dicit:
1288 2667 1357 2729 in
1402 2666 1617 2729 malam
1669 2688 1792 2728 rem
1835 2665 2028 2743 abite,
2077 2664 2196 2728 πότι
2243 2666 2398 2729 enim
2443 2689 2582 2729 curo
2631 2688 2719 2731 sc.

324 2774 485 2858 quid
529 2776 605 2837 de
650 2775 814 2836 vobis
840 2777 1005 2856 βοή·
1045 2777 1099 2838 si
1166 2778 1350 2860 terga
1403 2774 1585 2838 vobis
1638 2774 1936 2858 frangam
2000 2809 2083 2822 --
2145 2772 2466 2857 simulque
2521 2795 2720 2839 novos

318 2882 499 2944 ictus
543 2882 628 2944 iis
673 2880 966 2944 intendit.
1019 2877 1143 2946 Cui
1188 2880 1359 2944 immo
1409 2878 1795 2965 respondent
1841 2899 2029 2944 ranae
2077 2878 2334 2942 clamare
2367 2902 2684 2961 peryemus
2703 2929 2720 2958 ,

319 2984 496 3048 nihil
542 2985 914 3066 perterritae
973 2985 1154 3048 mini-3
1206 2986 1489 3068 playieve
1534 2985 1674 3049 tuis.
1726 2982 2161 3050 Grammatico
2209 2986 2418 3069 igitur
2463 2991 2536 3049 ut
2582 3007 2720 3052 rem

320 3093 704 3168 enunciem,
746 3090 827 3154 ad
866 3089 1044 3166 μέλει
1084 3089 1249 3155 illud
1286 3113 1411 3156 non
1450 3100 1563 3166 τῆς
1602 3090 1756 3170 ᾠδῆς
1799 3089 2228 3175 supplendum
2269 3097 2365 3154 est
2395 3090 2506 3155 sed
2533 3091 2715 3166 ὑμῶν.
2783 3113 2786 3116 ’

417 3302 531 3368 Vs.
584 3300 717 3368 298
744 3323 879 3389 sqq.

1326 3417 1726 3476 ΞΑΝΘῙΑΣ.

697 3512 1072 3591 ἀπολούμεθ’
1119 3510 1161 3578 ὦ
1210 3511 1374 3589 ἄναξ
1424 3513 1772 3593 Ἡράκλεις.

1288 3627 1762 3684 ΔΙΟΝΤΣΟΣ.

1240 3733 1243 3736 “
1832 3727 1896 3790 οὔ
1944 3726 2032 3801 μὴ
2083 3732 2299 3796 καλεῖς
2345 3729 2437 3803 μ’,
2537 3761 2542 3763 -

694 3825 737 3894 ὦ
784 3829 1069 3911 ἄνθρωφ’,
1118 3831 1404 3916 ἱκετεύω,
1458 3831 1611 3906 μηδὲ
1660 3838 1939 3919 κατερεῖς
1988 3829 2293 3908 rothaum

1297 3944 1698 4005 ΞΛΝΘῙΑΣ.
1971 3927 1979 3934 “

696 4041 943 4107 Διόνυσε
992 4043 1211 4107 τοίνυν.
1745 4089 1750 4092 -
2575 4044 2708 4112 300

937 4149 945 4157 ’
1282 4152 1751 4215 ΔῙΟΝΤΣΟΣ.

1368 4257 1533 4318 τοῦτ’
1582 4251 1665 4319 ἔθ’
1713 4251 1889 4329 ἦττον
1939 4253 2206 4342 θατέρου.

1314 4369 1718 4428 ΞΑΝΘῙΑΣ.

692 4462 763 4529 ἴθ’
812 4463 960 4548 ᾗπερ
1008 4463 1197 4548 ἔρχει.
1267 4466 1433 4564 δεῖξρο
1481 4465 1659 4547 δεῦρ’,
1710 4461 1753 4529 ὦ
1803 4464 2100 4531 δεσπόται.
