3351 5463
675 367 812 435 442
1087 389 1173 435 sn
1217 388 1468 437 mmucn
1513 390 1757 438 rnmcls
1818 390 2143 439 oormtm
2194 392 2653 442 cumanum.

683 551 1010 616 Minucius
1055 559 1226 615 aetra
1269 552 1466 633 ἱρήια
1511 561 1696 627 vocat
1713 604 1729 633 ,
1780 576 1941 640 quae
1985 559 2053 621 in
2090 559 2249 623 Aen.
2288 558 2396 623 IV.
2446 557 2582 625 352
2618 565 2685 625 et
2720 564 2789 626 in
2829 562 3077 630 Lucani

683 656 904 720 Phars.
963 657 1013 721 Ι.
1067 656 1150 723 ’75
1213 665 1382 721 aetra
1443 660 1622 739 ‘lynea
1688 660 2113 747 appellantur,
2163 668 2497 748 propterea
2544 666 2715 750 quod
2760 670 2933 753 ignis
2980 691 3075 735 ac—

681 761 966 825 cendisse
1031 762 1236 828 sidera
1294 764 1658 847 putabatur,
1725 772 1802 830 ut
1864 764 2181 832 Caecilius
2243 768 2399 832 dicit
2464 772 2533 833 in
2578 792 2632 836 c.
2684 771 2745 849 5,
2778 770 2841 837 ¹7.
2898 774 3075 840 Male

681 866 1106 932 Baehrensius
1170 871 1424 953 scripsit
1469 871 1683 950 equita
1725 872 1809 934 eit
1824 920 1839 949 ,
1888 893 2003 956 pro
2050 893 2176 958 quo
2223 873 2551 940 Minucius
2600 876 2833 942 saltem
2882 882 3075 965 scrip-

681 974 866 1037 sisset
911 974 1340 1053 adqnoseatur,'
1377 980 1452 1039 ut
1495 978 1562 1038 in
1611 977 2025 1061 sequentibus
2073 978 2284 1041 vivant
2299 1026 2317 1055 ,
2366 988 2576 1060 eurqat
2595 1029 2611 1058 ,
2662 990 2862 1047 exuat.

773 1213 825 1256 ο.
877 1190 984 1270 23,
1011 1191 1072 1256 5.
1120 1193 1509 1257 Laomedonti
1552 1208 1689 1257 vero
1730 1216 1923 1257 muros
1962 1195 2284 1278 Neptunus
2324 1196 2614 1262 instituit.
2664 1196 3069 1267 Reiiciendae

681 1301 833 1361 sunt
917 1297 1308 1384 Heusingeri
1393 1301 1752 1364 coniectura
1834 1300 2085 1363 instruit
2162 1305 2229 1366 et
2297 1301 2668 1367 Baehrensii
2736 1308 3066 1374 constituit.

680 1400 1004 1488 Vergilius
1064 1404 1220 1468 Aen.
1283 1402 1364 1468 H.
1413 1402 1546 1468 295
1607 1405 1862 1489 scripsit
1922 1406 2153 1469 moenia
2198 1414 2424 1469 statues
2472 1412 2536 1471 et
2582 1406 2813 1475 Caesar
2858 1410 2941 1489 B.
2985 1411 3063 1478 G.

641 1506 788 1571 Ἰν.
843 1506 926 1573 18
989 1528 1192 1592 quum
1245 1510 1530 1593 scripsit:
1580 1531 1741 1591 pone
1804 1510 2045 1574 instimi
2109 1520 2345 1593 coeptus
2392 1520 2511 1590 est,
2562 1513 2639 1579 de
2683 1520 2879 1599 ponte
2924 1538 3065 1583 con-

683 1613 982 1678 struendo
1028 1612 1338 1698 loquitur.

772 1856 823 1899 c.
873 1833 982 1912 24,
1015 1833 1071 1897 1·.
1129 1834 1362 1914 Quanto
1408 1856 1542 1898 vero
1591 1834 1668 1897 de
1713 1834 1837 1898 abiis
1883 1834 2099 1899 vestris
2142 1835 2439 1899 animalia
2483 1844 2646 1901 muta
2696 1840 3067 1905 naturabiter

679 1939 1000 2003 iudicant!
1065 1939 1166 2003 Ita
1234 1944 1332 2003 est
1398 1940 1468 2002 in
1528 1938 1662 2003 cod.
1728 1940 1801 2032 Ji).
1865 1938 2136 2004 Ursinus
2198 1944 2472 2006 correxit
2540 1951 2761 2027 quanto
2830 1946 3032 2009 verius
3051 1995 3067 2024 ,

681 2045 1104 2111 Baehrensius
1173 2068 1347 2130 quam
1417 2051 1590 2108 acute
1623 2066 1795 2108 mero
1811 2093 1827 2122 ,
1891 2045 2317 2111 Heumannus
2378 2047 2615 2113 delevit
2680 2052 3067 2116 naturaliter.

679 2150 822 2238 Ego
867 2154 1083 2216 minus
1121 2170 1158 2215 a
1195 2150 1428 2216 codicis
1468 2152 1785 2235 scriptura
1824 2150 2117 2215 recedens
2157 2142 2505 2237 legendum
2544 2173 2801 2219 censeo:
2834 2157 3073 2235 Quanto

680 2280 816 2321 vero
857 2258 930 2321 de
975 2257 1100 2320 diis
1149 2256 1362 2319 vestris
1408 2256 1704 2317 animalia
1748 2263 1913 2320 muta
1958 2257 2305 2321 naturabiue
2350 2258 2643 2323 iudicant.
2692 2260 2749 2325 N
2755 2260 3070 2327 aturalius

684 2367 781 2427 est
829 2364 1042 2447 magis
1089 2360 1442 2427 secundum
1489 2364 1810 2425 naturam.

773 2599 825 2646 c.
875 2576 982 2658 28,
1015 2578 1118 2645 10.
1169 2580 1336 2663 apud
1379 2602 1522 2664 quoe
1571 2568 1697 2643 tota
1742 2579 2129 2663 impudicitia
2173 2588 2415 2645 vocatur
2452 2582 2785 2650 urbanitas.
2836 2581 3065 2652 Gorne-

679 2686 874 2754 lissen
918 2709 1032 2774 pro
1072 2694 1197 2752 tota
1235 2689 1487 2772 scripsit
1524 2693 1740 2750 taetra.
1782 2687 2145 2773 Perperam.
2188 2687 2519 2754 Minucius
2542 2737 2558 2767 ‚
2605 2697 2680 2755 ut
2715 2692 3031 2777 Apuleius
3049 2743 3064 2772 ,

673 2796 994 2886 ‘adiectivo
1042 2801 1200 2857 totus
1242 2795 1452 2856 utitur
1494 2813 1611 2876 pro
1659 2793 1817 2854 omni
1834 2841 1850 2870 ,
1899 2793 2085 2858 velut
2127 2797 2198 2858 in
2245 2815 2298 2858 c.
2343 2794 2425 2861 21
2479 2801 2637 2860 extr.
2670 2797 2887 2877 plures
2928 2800 3069 2862 cotie

679 2900 1009 2963 hominibus
1055 2899 1192 2962 deos
1236 2899 1593 2960 haberemus.
1642 2897 2057 2964 Praeiverant
2101 2905 2325 2993 poetae
2342 2948 2358 2977 ,
2407 2907 2481 2965 ut
2528 2903 2660 2966 iam
2700 2903 3067 2970 observavit

683 3003 948 3070 Servius
995 3003 1075 3068 ad
1122 3005 1278 3068 Aen.
1329 3001 1380 3066 I.
1434 3001 1582 3066 189.
1655 3047 1697 3104 .‘

774 3244 827 3290 o.
895 3224 1001 3303 36,
1033 3225 1089 3290 1.
1162 3221 1255 3287 Sit
1322 3246 1450 3287 sore
1499 3221 1839 3309 fortunae,
1916 3245 2075 3288 men-5
2137 3231 2331 3288 tamen
2392 3225 2583 3289 bibera
2645 3234 2733 3290 est
2749 3274 2767 3304 ‚
2834 3234 2891 3291 et
2933 3229 3068 3294 ideo

683 3338 850 3396 aetus
911 3331 1164 3395 hominis
1180 3379 1197 3408 ‚
1260 3353 1380 3393 non
1427 3330 1695 3410 diqnitae
1740 3331 2069 3394 iudicatur.
2121 3329 2368 3396 Iterum
2407 3331 2511 3395 hic
2550 3332 2913 3398 laudandus
2962 3334 3067 3399 El-

683 3437 954 3516 dikius,¹
981 3439 1093 3523 qui
1136 3437 1276 3502 loco
1314 3435 1576 3501 laudato
1613 3458 1677 3520 p.
1722 3435 1804 3501 51
1849 3440 2046 3502 sensit
2086 3440 2259 3502 actui
2300 3427 2582 3502 hominis
2620 3437 2789 3503 male
2830 3443 3068 3524 opponi

681 3547 819 3610 eius
890 3544 1273 3629 dignitatem
1337 3546 1403 3606 et
1448 3563 1561 3626 pro
1607 3541 1878 3621 diqnitas
1923 3544 2091 3608 vidit
2136 3543 2542 3608 scribendum
2591 3564 2725 3608 esse
2772 3545 2872 3607 dei
2911 3569 3066 3625 qna-

681 3651 867 3727 νῶιαε,
917 3669 1155 3734 „quam
1200 3647 1403 3733 vulgo
1449 3666 1757 3712 vocamus
1806 3648 2338 3712 omniscientiam''.

759 3889 828 3948 c.
878 3865 964 3933 38
1013 3873 1173 3933 extr.
1220 3890 1363 3932 vera
1407 3865 1622 3946 reliyio
1661 3873 2014 3930 reservetur.
2064 3865 2488 3933 Heumannus
2528 3870 2802 3933 correxit
2840 3876 3067 3933 restau-

680 3981 866 4051 retur,
929 3974 1349 4038 Baehrensius
1411 3973 1791 4057 reformetur.
1856 3971 2178 4036 Neutrum
2232 3974 2429 4058 probo
2448 4022 2463 4051 ,
2530 3995 2734 4059 neque
2779 3973 2845 4038 id
2894 3975 3066 4059 quod

680 4081 748 4143 in
810 4080 1020 4144 codice
1065 4079 1119 4142 P
1166 4079 1481 4161 scriptum
1528 4083 1644 4141 est.
1707 4077 1795 4140 Iis
1843 4096 2003 4159 quae
2050 4078 2436 4161 praecedunt
2482 4081 2821 4144 cohibeatur
2864 4103 3068 4162 super-

681 4185 871 4261 stitia,
911 4183 1187 4266 impietae
1224 4183 1518 4265 expiem,
1549 4183 1905 4247 rectissime
1940 4182 2307 4249 subiicitur:
2347 4208 2488 4248 vera
2512 4185 2726 4267 rebiyio
2750 4193 3063 4264 reseretur,

681 4288 750 4353 id
797 4293 930 4364 est,
978 4291 1318 4372 aperiatur,
1366 4287 1643 4372 patefiat.
1694 4288 1772 4350 cf.
1820 4285 2069 4351 Nonius
2116 4309 2179 4372 p.
2230 4289 2338 4354 41.
