3351 5463
638 357 771 425 392
1604 371 2038 444 Pnurmouus.

636 559 787 605 cum
846 536 1107 602 Reiskio
1124 584 1141 614 ,
1196 556 1351 601 nam
1396 535 1566 620 quod
1610 537 1840 600 inserit
1886 533 1945 598 D
1992 554 2143 599 cum
2188 532 2438 598 familia
2484 533 2580 598 δεῖ
2621 555 2700 598 ex
2749 535 3032 620 interpo-

634 644 870 710 latione
914 647 1129 708 ortum
1176 646 1241 707 et
1286 643 1560 708 minime
1606 642 1669 706 h.
1698 640 1744 705 1.
1785 649 2012 726 aptum
2053 659 2188 706 esse
2226 643 2434 725 putat.
2474 639 2598 706 Sed
2637 641 3032 704 contrarium

636 755 735 815 est
793 769 1059 826 verum,
1122 767 1267 812 nam
1318 748 1731 812 continuatur
1776 747 1908 810 ita:
1959 745 2200 817 ἐκείνοις
2253 746 2502 824 ἀνάγκη
2551 744 2652 810 διὰ
2701 745 2810 820 τὴν
2854 752 3034 826 φιλο-

638 854 855 932 τιμίαν
901 867 1042 918 κτλ.
1090 853 1203 918 ubi
1249 851 1499 930 ἀνάγκη
1546 851 1721 916 idem
1767 856 1866 916 est
1909 855 2100 936 atque
2146 851 2256 914 δεῖ.

729 982 793 1045 p.
842 957 1032 1025 526b
1080 957 1261 1038 (362,
1289 956 1357 1040 4)
1408 957 1642 1023 edidit:
1694 956 1872 1022 ἀλλὰ
1919 957 1986 1030 νὴ
2039 957 2202 1034 Δία,
2251 955 2440 1036 Φύσει
2489 979 2622 1034 τις,
2674 952 2765 1021 ὅτι
2815 955 3032 1020 παισὶν

639 1061 797 1130 οὗτοι
841 1064 945 1129 καὶ
988 1062 1377 1144 κληρονόμοις
1414 1062 1809 1142 φυλάττουσι
1853 1062 1958 1127 καὶ
1987 1060 2471 1143 θησαυρίζουσιν·
2507 1056 2595 1133 οἷς
2620 1060 2840 1143 ζῶντες
2866 1059 3033 1126 οὐδὲν

641 1169 1078 1247 μεταδιδόασιν
1122 1173 1272 1234 cett.
1322 1167 1479 1232 Post
1524 1166 1977 1247 ancoeuptcovm
2019 1186 2138 1232 scr.
2187 1172 2314 1238 πῶς
2361 1159 2448 1237 οἷς
2495 1169 2568 1245 (i.
2594 1187 2652 1231 e.
2697 1172 2862 1245 πῶς-ς
2913 1159 3034 1245 οἷς)

640 1277 700 1341 D
763 1297 913 1342 cum
972 1274 1223 1341 familia
1240 1322 1258 1353 ,
1322 1293 1517 1359 quam
1563 1273 1905 1338 lectionem
1950 1277 2175 1358 utpote
2223 1292 2384 1359 quae
2430 1270 2814 1358 interpolata
2861 1276 3034 1338 esset

642 1388 1013 1469 aspernatus
1075 1387 1173 1447 est
1191 1429 1208 1458 ,
1272 1401 1422 1445 cum
1481 1401 1608 1444 non
1670 1383 2026 1463 oporteret,
2088 1399 2240 1443 nam
2301 1377 2434 1444 sola
2495 1378 2690 1443 verba
2735 1377 2912 1442 ἀλλὰ
2961 1378 3030 1452 νὴ

646 1491 773 1552 Δία
836 1525 921 1538 --
949 1524 1035 1535 —
1094 1483 1543 1565 θησαυρίζουσιν
1606 1484 2076 1550 interlocutoris
2133 1489 2283 1549 sunt
2302 1531 2319 1561 ‚
2382 1503 2544 1568 quae
2606 1485 3037 1568 insequuntur

646 1594 942 1676 scriptori
986 1592 1426 1657 attribuantur
1468 1611 1721 1656 necesse
1768 1595 1884 1656 est.

734 1699 823 1763 ib.
872 1698 913 1762 d
960 1696 1141 1777 (363,
1171 1695 1282 1778 15)
1328 1697 1587 1762 κώλυσιν
1633 1697 1781 1762 ἰδίου
1830 1697 1972 1774 βίου
2022 1695 2122 1759 τὸν
2171 1694 2409 1759 ἐκείνων
2454 1700 2763 1761 ποιοῦνται
2814 1697 2909 1760 ita
2949 1716 3031 1760 ex

646 1805 1009 1869 coniectura
1072 1805 1347 1888 scripsit.
1409 1802 1583 1883 Quae
1644 1803 1906 1867 exhibet
1966 1801 2163 1867 codex
2208 1801 2266 1868 D
2316 1805 2422 1866 τοῦ
2473 1800 2619 1865 ἰδίου
2666 1801 2806 1878 βίου
2854 1800 3036 1866 foede

638 1908 1033 1994 ‘interpolata
1092 1928 1229 1974 esse
1292 1912 1522 1972 censet.
1580 1906 1765 1987 Quod
1809 1928 1933 1972 non
1982 1911 2081 1972 est
2111 1925 2356 1971 ·verum
2375 1953 2392 1983 ,
2441 1927 2594 1972 nam
2640 1927 2789 1971 cum
2835 1906 3039 1971 altera

644 2017 784 2080 vita
817 2019 1158 2098 parentum
1195 2012 1323 2093 (τὸν
1349 2012 1611 2093 ἐκείνων)
1651 2011 1925 2078 articulo
1963 2011 2251 2097 praedita
2287 2013 2399 2090 sit,
2441 2011 2640 2077 altera
2679 2032 2838 2098 quae
2883 2033 3038 2077 cum

645 2119 761 2184 illa
805 2123 1212 2204 comparatur
1248 2122 1380 2197 (τοῦ
1423 2116 1569 2182 ἰδίου
1607 2117 1778 2198 βίου)
1819 2117 2090 2183 articulo
2129 2137 2392 2203 prorsus
2429 2120 2779 2183 necessario
2821 2138 3038 2184 carere

646 2246 776 2289 non
821 2229 1050 2309 potest.
1098 2223 1221 2288 Res
1271 2228 1367 2288 est
1412 2225 1766 2308 perspicua.

739 2352 804 2414 p.
857 2325 1043 2394 52¹7b
1090 2326 1270 2409 (364,
1298 2327 1413 2408 22)
1476 2330 1625 2408 Φέρε
1697 2327 1767 2401 δὴ
1833 2328 2209 2407 σκεψώμεθα
2273 2330 2342 2394 τὸ
2408 2329 2639 2409 πρῶτον
2703 2326 2876 2392 τίνων
2939 2328 3038 2400 τίς

648 2442 872 2514 χρῆσις
920 2430 1078 2508 αὕτη
1128 2435 1203 2498 δι’
1251 2430 1319 2505 ἣν
1367 2432 1761 2514 θαυμάζεται
1811 2434 1840 2497 ὃ
1888 2438 2189 2512 πλοῦτος,
2239 2431 2489 2514 πότερον
2540 2439 2659 2498 τῶν
2698 2433 3038 2514 ἀρκούντων

652 2538 738 2620 (ἢ
802 2545 917 2604 τῶν
977 2545 1300 2618 περιττῶν·
1360 2539 1411 2604 εἰ
1476 2539 1603 2627 γὰρ
1666 2545 1784 2604 τῶν
1832 2539 2240 2620 ἀρκούντων),
2286 2540 2454 2604 οὐδὲν
2503 2544 2652 2604 cett.
2702 2529 3038 2606 ita'oodex

652 2643 711 2709 D
773 2650 851 2710 et·
899 2642 982 2708 V³
1043 2649 1296 2730 praeter
1358 2644 1555 2709 verba
1610 2646 1643 2718 ἢ
1692 2650 1810 2708 τῶν
1856 2651 2184 2724 περιττῶν·
2237 2646 2288 2708 εἰ
2332 2643 2624 2723 ‚respa-&u
2674 2645 3038 2725 ἀρκούντων,

651 2771 843 2839 quae..
875 2751 1016 2815 add.
1082 2750 1534 2837 Stegmannus.
1603 2749 1680 2813 In
1741 2752 1967 2815 ceteris
2026 2752 2182 2816 baec
2245 2755 2432 2815 sunt:
2496 2750 2646 2831 φέρε
2696 2751 2765 2825 δὴ
2815 2776 2918 2816 σκ.
2968 2751 3038 2815 τὸ

651 2864 903 2934 πρῶτον.
967 2859 1000 2932 ἧ
1062 2865 1285 2938 χρῆσις
1349 2854 1507 2931 αὕτη
1570 2856 1643 2919 δι’
1689 2854 1757 2932 ἣν
1808 2858 1994 2932 θαυμ.
2047 2858 2074 2921 ὃ
2122 2861 2387 2929 πλοῦτος
2434 2857 2533 2929 τίς
2550 2877 2567 2936 ;
2619 2857 2871 2937 πότερον
2920 2864 3040 2922 τῶν

651 2962 1009 3042 ἀρκούντων.
1041 2962 1221 3026 οὐδὲν
1268 2964 1421 3027 cett.
1471 2982 1632 3047 quae
1677 2965 1842 3027 ratio
1887 2983 2145 3048 prorsus
2190 2963 2594 3029 incommoda
2639 2966 3040 3049 minimeque

653 3068 985 3152 perspicua
1030 3073 1144 3132 est.
1192 3066 1490 3131 Primum
1530 3070 1704 3132 enim
1751 3089 1865 3132 cur
1903 3067 2000 3139 τίς
2040 3069 2550 3154 postponendum
2576 3067 2752 3134 erat?
2791 3068 3040 3134 Deinde

652 3175 707 3239 si
763 3174 917 3239 haec
962 3173 1289 3239 collocatio
1337 3177 1509 3238 recta
1546 3178 1714 3240 esset
1731 3220 1748 3251 ,
1797 3194 1911 3238 cur
1958 3177 2053 3245 τίς
2099 3173 2484 3239 Plutarchus
2531 3174 2796 3239 dixisset
2818 3222 2834 3253 ‚
2885 3194 3041 3239 cum

652 3278 827 3342 τίνων
888 3285 1147 3366 propter
1193 3281 1483 3364 proxime
1526 3281 1866 3363 insequens
1912 3285 2028 3345 τῶν
2075 3280 2412 3358 ἀρκούντων
2460 3276 2822 3366 oporteret?
2867 3278 3042 3346 Tum

654 3383 807 3468 quid
867 3384 1185 3469 significat
1246 3384 1312 3449 τί
1315 3380 1388 3455 ςῖ
1449 3384 1766 3469 quomodo
1828 3389 1925 3449 est
1985 3382 2532 3450 convertendum?
2579 3385 2650 3450 Si
2696 3385 2929 3451 modus
2975 3391 3044 3451 et

651 3492 815 3555 ratio
833 3537 850 3567 ,
922 3510 1048 3573 qua
1114 3490 1377 3555 divitiae
1447 3493 1748 3576 usurpari
1817 3490 2048 3556 debent
2064 3538 2081 3568 ,
2155 3490 2574 3577 significatur,
2637 3491 2742 3555 hic
2803 3491 3041 3557 modus

652 3597 943 3681 proxime
1028 3595 1287 3679 quidem
1368 3597 1849 3680 insequentibus
1935 3596 2148 3662 verbis
2225 3616 2430 3680 neque
2515 3596 2750 3661 diserte
2833 3617 3041 3682 neque

652 3700 911 3765 definite
956 3700 1351 3786 explanatur.
1400 3701 1638 3767 Verum
1687 3708 1904 3767 tamen
1949 3718 2050 3767 res
2094 3723 2222 3767 non
2266 3704 2360 3767 ita
2406 3705 2538 3780 est,
2587 3702 2697 3767 sed
2745 3704 3040 3787 primum

655 3806 829 3871 τίνων
890 3816 1113 3886 χρῆσις
1170 3807 1319 3871 inde
1381 3826 1419 3871 a
1478 3809 1790 3892 proximis
1850 3808 2064 3873 verbis
2126 3808 2292 3871 οὐδὲν
2354 3808 2540 3871 πλέον
2602 3804 2846 3886 ἔχουσιν
2896 3820 3042 3870 κτλ.

653 3930 856 3997 usque
921 3911 1001 3975 ad
1060 3916 1306 3988 μᾶλλον
1368 3911 1401 3985 ἢ
1457 3910 1593 3988 βίον
1643 3909 1846 3983 ἔοικας
1895 3912 2128 3977 diserte
2173 3915 2240 3976 et
2285 3910 2612 3976 enucleate
2661 3908 3042 3997 explicatur,

653 4017 879 4082 deinde
916 4016 1141 4082 utendi
1177 4016 1407 4081 modus
1446 4020 1511 4080 et
1546 4017 1711 4081 ratio
1749 4016 1961 4081 verbis
2003 4019 2036 4092 ἦ
2077 4015 2335 4093 πάτριος
2378 4022 2494 4079 τῶν
2536 4030 2697 4080 Διον.
2743 4016 2912 4095 ἑορτὴ
2943 4036 3042 4100 sq.

650 4122 918 4187 indicari
954 4121 1274 4187 videntur.
1324 4120 1724 4207 Quapropter
1760 4124 2111 4207 requiritur
2161 4122 2226 4202 1)
2266 4121 2439 4186 τίνων
2484 4128 2704 4202 χρῆσις
2729 4125 2796 4185 et
2843 4122 2913 4202 2)
2939 4121 3038 4191 τίς

652 4235 911 4308 χρῆσις,
959 4233 1148 4313 atque
1191 4230 1287 4292 ita
1332 4227 1816 4313 corrigendum:
1867 4226 2042 4292 τίνων
2087 4228 2194 4292 καὶ
2242 4228 2338 4297 τίς
2383 4235 2628 4305 χρῆσις.
2685 4227 3044 4311 Postquam

653 4338 874 4398 autem
934 4334 1126 4399 verba
1185 4335 1360 4398 τίνων
1424 4333 1529 4398 καὶ
1576 4335 1672 4406 τίς
1722 4335 2095 4400 exciderunt
2141 4335 2380 4419 partim
2426 4334 2613 4398 initio
2661 4335 2752 4414 (ἦ)
2799 4335 3043 4417 partim

653 4441 724 4504 in
790 4437 913 4503 fine
983 4442 1286 4505 orationis
1360 4438 1511 4521 (τίς)
1588 4439 1959 4527 suppletum
2031 4444 2147 4505 est.
2236 4438 2417 4519 Quod
2495 4457 2773 4523 quonam
2842 4438 3036 4503 modo
