3351 5463
1144 997 1293 1086 AD
1351 997 2137 1088 ARISTOPHANIS
2195 998 2574 1101 RANAS.

1745 1203 2002 1254 sompsrr¹

1384 1353 1443 1419 J.
1491 1352 1667 1418 VAN
1713 1353 2142 1420 LEEUWEN
2185 1354 2242 1420 J.
2269 1374 2327 1419 1¹.

1332 1505 1807 1588 (Contiauantur
1867 1529 1938 1570 etc
1991 1529 2140 1588 paq.
2213 1505 2393 1585 113.)

1638 1808 2066 1852 *m*

1806 2046 1998 2096 Scholia
2043 2045 2416 2108 Aristophaniea
2432 2085 2445 2106 ,
2489 2045 2620 2110 being
2653 2045 2770 2120 weh
2802 2049 3060 2095 commentat

1737 2128 1950 2203 adseripf
1998 2132 2049 2176 to
2101 2127 2185 2175 the
2229 2131 2337 2176 text
2383 2129 2449 2191 of
2474 2127 2819 2190 Aristophanes
2851 2143 2909 2176 ae
2941 2127 3062 2176 have

1739 2211 1847 2260 been
1866 2211 2117 2273 preserved
2144 2209 2196 2257 in
2231 2209 2314 2258 the
2339 2211 2484 2260 codex
2510 2211 2776 2268 Ravenna-5,
2801 2210 3060 2272 arranyed,

1735 2293 1982 2350 emended,
2010 2292 2112 2339 and
2141 2293 2420 2340 translated
2445 2292 2502 2354 by
2527 2291 2588 2340 W
2586 2291 2740 2340 illium
2769 2291 2823 2339 G.
2851 2290 3060 2339 Ruther-

1723 2375 1862 2438 ford.
1900 2399 1965 2410 —-
2001 2373 2110 2421 Vol.
2148 2373 2175 2420 I
2208 2376 2257 2421 et
2291 2371 2364 2432 ΙΙ,
2401 2373 2600 2422 London
2635 2373 2780 2421 1896.

759 2565 861 2630 Ad
906 2585 1000 2629 vs.
1052 2560 1205 2629 376.
1256 2599 1341 2611 --
1391 2560 1734 2628 Canticum
1780 2566 2143 2648 mystarum
2193 2561 2368 2626 haud
2411 2583 2538 2627 uno
2562 2561 2730 2627 ,1666
2768 2563 3058 2648 graviter

670 2691 804 2736 esse
867 2673 1243 2754 corruptum
1306 2689 1431 2733 non
1492 2666 1738 2754 negabo
1755 2686 1772 2745 3
1841 2667 1950 2733 sed
2012 2667 2118 2731 1116
2178 2672 2345 2733 certe
2401 2688 2623 2734 versus
2671 2669 3058 2734 coniecturis

666 2778 994 2841 immerito
1042 2776 1261 2840 vexari
1307 2774 1476 2839 mihi
1521 2774 1800 2839 videtur.
1849 2774 2210 2859 Aptissima
2253 2776 2424 2839 enim
2469 2775 2666 2839 verba

656 2891 660 2895 “
712 2957 715 2961 ¹
1393 2878 1718 2957 ἠρίστηται
1766 2878 1818 2943 δ’
1868 2878 2275 2958 ἐξαρκούντως

668 2990 817 3051 sunt
874 2986 945 3048 in
1002 3004 1107 3049 ore
1169 2986 1463 3048 manium
1482 3032 1499 3061 ,
1565 2987 1678 3069 qui
1739 3004 2043 3069 pompam
2093 2984 2362 3049 Athenis
2411 2983 2781 3049 Eleusinem
2831 3004 3060 3049 versus

666 3090 895 3157 ducere
938 3110 1106 3153 nunc
1152 3089 1277 3153 sibi
1320 3088 1638 3155 videntur.
1691 3087 1970 3155 Centum
2008 3090 2138 3153 fere
2181 3089 2536 3179 stadiorum
2573 3089 2692 3153 1166
2732 3094 2869 3153 erat
2903 3090 3057 3167 iter,

665 3194 836 3279 quod
895 3214 932 3259 a
990 3193 1202 3280 pedite
1264 3193 1557 3279 expedito
1623 3198 1898 3278 quatuor
1958 3195 2130 3259 horis
2175 3193 2396 3258 confici
2441 3196 2659 3278 potuit
2704 3193 3054 3272 facillime,

664 3300 773 3365 sed
847 3299 1084 3365 lentius
1158 3302 1537 3384 processisse
1610 3302 1941 3387 ingentem
2020 3300 2280 3364 turbam
2355 3299 2716 3365 multorum
2787 3299 3056 3364 milium

664 3407 1003 3471 hominum
1024 3454 1040 3482 ,
1089 3407 1195 3469 cui
1236 3406 1436 3470 etiam
1484 3403 1788 3470 mulieres
1837 3410 1902 3470 et
1949 3426 2123 3470 senes
2167 3407 2445 3470 inessent
2491 3404 2758 3490 plurimi
2776 3454 2793 3482 ‚
2835 3407 3060 3489 quivis

660 3510 1005 3596 intellegit.
1076 3509 1235 3575 Octo
1303 3512 1511 3596 igitur
1578 3511 1768 3575 horas
1837 3513 1904 3576 in
1972 3513 2081 3577 via
2151 3530 2324 3575 sacra
2393 3516 2785 3576 commorata
2851 3510 3058 3576 fuerit

664 3636 897 3701 pompa
941 3635 1053 3699 per
1095 3636 1200 3680 me
1243 3614 1429 3693 licet,
1480 3616 1598 3680 sub
1646 3626 1902 3680 noctem
1949 3620 2169 3680 autem
2207 3618 2509 3700 quoniam
2551 3616 2797 3694 facibus
2837 3637 3056 3681 accen-

664 3723 750 3809 sis
811 3720 889 3784 ad
951 3722 1166 3783 sinum
1226 3718 1635 3785 Eleusinium
1697 3720 2185 3805 perveniebant,
2233 3723 2522 3805 sequitur
2568 3726 2646 3785 ut
2691 3721 3052 3786 meridiano

662 3826 791 3891 fere
836 3831 1121 3908 tempore
1168 3828 1279 3888 aut
1324 3825 1509 3891 brevi
1554 3829 1701 3910 post
1748 3847 1826 3890 ex
1872 3826 2028 3913 urbe
2075 3825 2316 3890 fuerint
2361 3825 2648 3910 profecti.
2713 3825 2880 3905 Quid
2922 3828 3054 3911 igi-

663 3938 771 3998 tur
808 3933 1017 3997 obstat
1055 3932 1398 4015 quominus
1425 3954 1688 4012 pransos
1724 3932 1994 4013 Athenis
2033 3934 2101 3995 in
2139 3932 2357 3997 forum
2395 3934 2758 3997 convenisse
2798 3935 3054 4017 mystas

662 4034 1061 4103 statuamus?
1122 4038 1191 4100 in
1252 4036 1491 4121 vulgus
1560 4040 1733 4101 enim
1793 4044 2023 4102 notum
2086 4044 2182 4101 est
2242 4038 2659 4102 Athenienses
2723 4038 2843 4103 1166
2889 4021 3050 4101 aevo

664 4144 732 4207 τὸ
796 4142 1039 4221 ἄριστον
1103 4144 1268 4207 circa
1326 4142 1665 4207 meridiem
1731 4146 2054 4207 sumsisse.
2127 4142 2337 4207 Immo
2399 4141 2751 4207 absurdum
2812 4141 3051 4205 fuisset

660 4250 875 4312 ieiuno
938 4246 1267 4311 stomacho
1324 4246 1504 4311 1111116
1549 4246 1883 4331 proficisci.
1931 4246 2155 4331 Itaque
2197 4245 2470 4311 libenter
2517 4246 2814 4331 equidem
2859 4246 3051 4309 credo

662 4353 850 4419 choro
920 4354 1305 4417 asseveranti
1378 4351 1697 4429 ἠρίστηται
1759 4352 1813 4415 δ’
1869 4350 2318 4431 ἐξαρκούντως,
2390 4352 2624 4435 quibus
2691 4354 2758 4414 111
2828 4351 3052 4415 verbis

660 4456 977 4545 particula
1040 4457 1104 4521 δέ
1162 4479 1286 4522 11611
1348 4457 1679 4522 obicientis
1743 4462 1840 4522 est
1901 4457 2010 4522 sed
2073 4455 2452 4541 explicantis
2508 4460 2572 4521 et
2618 4456 3008 4521 adstruentis
3029 4504 3052 4534 ‚
