<?xml version="1.0" encoding="UTF-8"?>
<!DOCTYPE html PUBLIC "-//W3C//DTD XHTML 1.0 Transitional//EN"
    "http://www.w3.org/TR/xhtml1/DTD/xhtml1-transitional.dtd">
<html xmlns="http://www.w3.org/1999/xhtml" xml:lang="en" lang="en">
 <head>
  <title>
</title>
<meta http-equiv="Content-Type" content="text/html;charset=utf-8" />
  <meta name='ocr-system' content='tesseract 3.04.00' />
  <meta name='ocr-capabilities' content='ocr_page ocr_carea ocr_par ocr_line ocrx_word'/>
</head>
<body>
  <div class='ocr_page' id='page_1' title='image "./mnemosynevolume04verdgoog_0386.png"; bbox 0 0 3351 5463; ppageno 0'>
   <div class='ocr_carea' id='block_1_1' title="bbox 657 363 2010 434">
    <p class='ocr_par' dir='ltr' id='par_1_1' title="bbox 657 363 2010 434">
     <span class='ocr_line' id='line_1_1' title="bbox 657 363 2010 434; baseline 0 -2"><span class='ocrx_word' id='word_1_1' title='bbox 657 363 809 434; x_wconf 67' lang='lat'><strong>3¹76-</strong></span> <span class='ocrx_word' id='word_1_2' title='bbox 1690 383 2010 432; x_wconf 72' lang='lat' dir='ltr'><strong>xerArA.</strong></span> 
     </span>
    </p>
   </div>
   <div class='ocr_carea' id='block_1_2' title="bbox 564 543 3047 2330">
    <p class='ocr_par' dir='ltr' id='par_1_2' title="bbox 564 543 3047 2330">
     <span class='ocr_line' id='line_1_2' title="bbox 653 543 3041 636; baseline 0.001 -20"><span class='ocrx_word' id='word_1_3' title='bbox 653 551 830 616; x_wconf 85' lang='lat' dir='ltr'><strong>dictu</strong></span> <span class='ocrx_word' id='word_1_4' title='bbox 868 543 988 615; x_wconf 64' lang='lat' dir='ltr'><strong>&#39;est</strong></span> <span class='ocrx_word' id='word_1_5' title='bbox 1046 547 1203 634; x_wconf 88' lang='lat' dir='ltr'><strong>quid</strong></span> <span class='ocrx_word' id='word_1_6' title='bbox 1265 551 1353 613; x_wconf 90' lang='lat' dir='ltr'><strong>sit</strong></span> <span class='ocrx_word' id='word_1_7' title='bbox 1412 545 1827 626; x_wconf 62' lang='grc' dir='ltr'><strong><em>ξυμβάλλειν,</em></strong></span> <span class='ocrx_word' id='word_1_8' title='bbox 1891 548 2002 614; x_wconf 89' lang='lat' dir='ltr'><strong>sed</strong></span> <span class='ocrx_word' id='word_1_9' title='bbox 2047 549 2206 615; x_wconf 91' lang='lat' dir='ltr'><strong>bene</strong></span> <span class='ocrx_word' id='word_1_10' title='bbox 2249 550 2494 615; x_wconf 87' lang='lat' dir='ltr'><strong>factum</strong></span> <span class='ocrx_word' id='word_1_11' title='bbox 2541 551 2710 636; x_wconf 88' lang='lat' dir='ltr'><strong>quod</strong></span> <span class='ocrx_word' id='word_1_12' title='bbox 2755 554 2824 617; x_wconf 90' lang='lat' dir='ltr'><strong>in</strong></span> <span class='ocrx_word' id='word_1_13' title='bbox 2871 551 3041 620; x_wconf 84' lang='lat' dir='ltr'><strong>Sim-</strong></span> 
     </span>
     <span class='ocr_line' id='line_1_3' title="bbox 652 641 3041 742; baseline 0.001 -21"><span class='ocrx_word' id='word_1_14' title='bbox 652 656 833 742; x_wconf 92' lang='lat' dir='ltr'><strong>plicii</strong></span> <span class='ocrx_word' id='word_1_15' title='bbox 892 655 1105 720; x_wconf 88' lang='lat' dir='ltr'><strong>codice</strong></span> <span class='ocrx_word' id='word_1_16' title='bbox 1167 641 1545 720; x_wconf 78' lang='lat' dir='ltr'><strong>Taurinensi</strong></span> <span class='ocrx_word' id='word_1_17' title='bbox 1562 703 1579 732; x_wconf 90' lang='lat'><em>,</em></span> <span class='ocrx_word' id='word_1_18' title='bbox 1628 657 1741 740; x_wconf 91' lang='lat' dir='ltr'><strong>qui</strong></span> <span class='ocrx_word' id='word_1_19' title='bbox 1783 655 1954 720; x_wconf 84' lang='lat' dir='ltr'><strong>hunc</strong></span> <span class='ocrx_word' id='word_1_20' title='bbox 1998 653 2216 720; x_wconf 87' lang='lat' dir='ltr'><strong>locum</strong></span> <span class='ocrx_word' id='word_1_21' title='bbox 2265 654 2600 742; x_wconf 71' lang='lat' dir='ltr'>descripsit</span> <span class='ocrx_word' id='word_1_22' title='bbox 2617 705 2634 734; x_wconf 88' lang='lat'><strong><em>,</em></strong></span> <span class='ocrx_word' id='word_1_23' title='bbox 2685 659 3041 724; x_wconf 84' lang='lat' dir='ltr'><strong>secundum</strong></span> 
     </span>
     <span class='ocr_line' id='line_1_4' title="bbox 651 757 3039 850; baseline 0 -23"><span class='ocrx_word' id='word_1_24' title='bbox 651 763 1013 849; x_wconf 80' lang='lat' dir='ltr'><strong>Peyronem</strong></span> <span class='ocrx_word' id='word_1_25' title='bbox 1059 759 1303 846; x_wconf 82' lang='lat' dir='ltr'><strong>legitur</strong></span> <span class='ocrx_word' id='word_1_26' title='bbox 1348 757 1685 837; x_wconf 73' lang='grc' dir='ltr'><strong><em>ξυλλαβών</em></strong></span> <span class='ocrx_word' id='word_1_27' title='bbox 1729 759 1922 845; x_wconf 89' lang='lat' dir='ltr'><strong>idque</strong></span> <span class='ocrx_word' id='word_1_28' title='bbox 1968 781 2165 825; x_wconf 89' lang='lat' dir='ltr'><strong>manu</strong></span> <span class='ocrx_word' id='word_1_29' title='bbox 2212 760 2390 826; x_wconf 90' lang='lat' dir='ltr'><strong>ducit</strong></span> <span class='ocrx_word' id='word_1_30' title='bbox 2425 762 2517 850; x_wconf 25' lang='lat' dir='ltr'><strong>‘ad</strong></span> <span class='ocrx_word' id='word_1_31' title='bbox 2567 761 3039 842; x_wconf 74' lang='grc' dir='ltr'><strong><em>δξυλαβῶν,</em></strong></span> 
     </span>
     <span class='ocr_line' id='line_1_5' title="bbox 650 865 3046 954; baseline 0 -22"><span class='ocrx_word' id='word_1_32' title='bbox 650 867 821 954; x_wconf 82' lang='grc' dir='ltr'><strong>(111οᾶ</strong></span> <span class='ocrx_word' id='word_1_33' title='bbox 880 866 1256 932; x_wconf 80' lang='lat' dir='ltr'><strong>facillimam</strong></span> <span class='ocrx_word' id='word_1_34' title='bbox 1319 865 1810 950; x_wconf 78' lang='lat' dir='ltr'><strong>explicationem</strong></span> <span class='ocrx_word' id='word_1_35' title='bbox 1854 867 2067 931; x_wconf 88' lang='lat' dir='ltr'><strong>habet.</strong></span> <span class='ocrx_word' id='word_1_36' title='bbox 2133 866 2370 952; x_wconf 83' lang='lat' dir='ltr'>Operae</span> <span class='ocrx_word' id='word_1_37' title='bbox 2428 869 2712 952; x_wconf 88' lang='lat' dir='ltr'><strong>pretium</strong></span> <span class='ocrx_word' id='word_1_38' title='bbox 2758 872 2879 934; x_wconf 89' lang='lat' dir='ltr'><strong>erit</strong></span> <span class='ocrx_word' id='word_1_39' title='bbox 2927 867 3046 934; x_wconf 91' lang='lat' dir='ltr'><strong>ali-</strong></span> 
     </span>
     <span class='ocr_line' id='line_1_6' title="bbox 652 966 3036 1058; baseline 0 -19"><span class='ocrx_word' id='word_1_40' title='bbox 652 973 902 1058; x_wconf 90' lang='lat' dir='ltr'><strong>quando</strong></span> <span class='ocrx_word' id='word_1_41' title='bbox 930 966 934 970; x_wconf 45' lang='lat'><strong>⁴</strong></span> <span class='ocrx_word' id='word_1_42' title='bbox 961 978 1250 1038; x_wconf 88' lang='lat' dir='ltr'><strong>accurate</strong></span> <span class='ocrx_word' id='word_1_43' title='bbox 1312 977 1608 1036; x_wconf 78' lang='lat' dir='ltr'>excutere</span> <span class='ocrx_word' id='word_1_44' title='bbox 1671 970 1958 1036; x_wconf 80' lang='lat' dir='ltr'><strong>Platonis</strong></span> <span class='ocrx_word' id='word_1_45' title='bbox 2017 970 2192 1037; x_wconf 91' lang='lat' dir='ltr'><strong>locos</strong></span> <span class='ocrx_word' id='word_1_46' title='bbox 2249 992 2286 1036; x_wconf 90' lang='lat' dir='ltr'><strong>a</strong></span> <span class='ocrx_word' id='word_1_47' title='bbox 2330 971 2666 1058; x_wconf 83' lang='lat' dir='ltr'><strong>Simplicio</strong></span> <span class='ocrx_word' id='word_1_48' title='bbox 2711 973 3002 1040; x_wconf 86' lang='lat' dir='ltr'><strong>laudatos</strong></span> <span class='ocrx_word' id='word_1_49' title='bbox 3018 995 3036 1052; x_wconf 80' lang='lat'><em>3</em></span> 
     </span>
     <span class='ocr_line' id='line_1_7' title="bbox 651 1069 3038 1163; baseline -0 -18"><span class='ocrx_word' id='word_1_50' title='bbox 651 1078 859 1146; x_wconf 83' lang='lat' dir='ltr'><strong>veluti</strong></span> <span class='ocrx_word' id='word_1_51' title='bbox 918 1069 988 1143; x_wconf 91' lang='lat' dir='ltr'><strong>in</strong></span> <span class='ocrx_word' id='word_1_52' title='bbox 1046 1079 1127 1142; x_wconf 89' lang='lat' dir='ltr'><strong>iis</strong></span> <span class='ocrx_word' id='word_1_53' title='bbox 1149 1124 1165 1155; x_wconf 90' lang='lat'><strong><em>,</em></strong></span> <span class='ocrx_word' id='word_1_54' title='bbox 1230 1097 1389 1163; x_wconf 88' lang='lat' dir='ltr'><strong>quae</strong></span> <span class='ocrx_word' id='word_1_55' title='bbox 1445 1081 1588 1162; x_wconf 86' lang='lat' dir='ltr'><strong>post</strong></span> <span class='ocrx_word' id='word_1_56' title='bbox 1634 1077 1829 1143; x_wconf 84' lang='lat' dir='ltr'><strong>breve</strong></span> <span class='ocrx_word' id='word_1_57' title='bbox 1876 1076 2296 1142; x_wconf 80' lang='lat' dir='ltr'><strong>intervallum</strong></span> <span class='ocrx_word' id='word_1_58' title='bbox 2341 1085 2716 1163; x_wconf 88' lang='lat' dir='ltr'><strong>sequuntur,</strong></span> <span class='ocrx_word' id='word_1_59' title='bbox 2781 1079 3038 1146; x_wconf 89' lang='lat' dir='ltr'><strong>Politic.</strong></span> 
     </span>
     <span class='ocr_line' id='line_1_8' title="bbox 651 1181 3035 1271; baseline -0 -20"><span class='ocrx_word' id='word_1_60' title='bbox 651 1205 713 1271; x_wconf 88' lang='lat' dir='ltr'><strong>p.</strong></span> <span class='ocrx_word' id='word_1_61' title='bbox 763 1181 1009 1250; x_wconf 76' lang='lat'><strong>2733:</strong></span> <span class='ocrx_word' id='word_1_62' title='bbox 1060 1183 1230 1262; x_wconf 70' lang='grc' dir='ltr'><strong>παρὰ</strong></span> <span class='ocrx_word' id='word_1_63' title='bbox 1279 1184 1411 1261; x_wconf 81' lang='grc' dir='ltr'><strong><em>μὲν·</em></strong></span> <span class='ocrx_word' id='word_1_64' title='bbox 1440 1183 1566 1262; x_wconf 70' lang='grc' dir='ltr'><strong>γὰρ</strong></span> <span class='ocrx_word' id='word_1_65' title='bbox 1610 1187 1720 1246; x_wconf 80' lang='grc' dir='ltr'><strong>τοῦ</strong></span> <span class='ocrx_word' id='word_1_66' title='bbox 1770 1181 2079 1255; x_wconf 77' lang='grc' dir='ltr'><strong><em>συνθέντος</em></strong></span> <span class='ocrx_word' id='word_1_67' title='bbox 2129 1182 2346 1248; x_wconf 72' lang='grc' dir='ltr'><strong><em>πάντ-οι</em></strong></span> <span class='ocrx_word' id='word_1_68' title='bbox 2383 1185 2554 1250; x_wconf 71' lang='grc' dir='ltr'><strong><em>καλοὶ</em></strong></span> <span class='ocrx_word' id='word_1_69' title='bbox 2605 1186 3035 1264; x_wconf 67' lang='grc' dir='ltr'><strong><em>κέκτηται,</em></strong></span> 
     </span>
     <span class='ocr_line' id='line_1_9' title="bbox 648 1279 3040 1377; baseline -0.001 -20"><span class='ocrx_word' id='word_1_70' title='bbox 648 1292 869 1359; x_wconf 79' lang='lat' dir='ltr'><strong>scribit</strong></span> <span class='ocrx_word' id='word_1_71' title='bbox 939 1279 1225 1363; x_wconf 77' lang='lat' dir='ltr'><strong>Cobetus</strong></span> <span class='ocrx_word' id='word_1_72' title='bbox 1286 1288 1366 1354; x_wconf 83' lang='lat' dir='ltr'><strong>ad</strong></span> <span class='ocrx_word' id='word_1_73' title='bbox 1436 1285 1736 1355; x_wconf 80' lang='lat' dir='ltr'><strong>Geelium</strong></span> <span class='ocrx_word' id='word_1_74' title='bbox 1798 1310 1860 1374; x_wconf 88' lang='lat' dir='ltr'><strong>p.</strong></span> <span class='ocrx_word' id='word_1_75' title='bbox 1930 1288 2017 1355; x_wconf 80' lang='lat'><strong>52</strong></span> <span class='ocrx_word' id='word_1_76' title='bbox 2079 1291 2395 1356; x_wconf 85' lang='lat' dir='ltr'><strong>invenisse</strong></span> <span class='ocrx_word' id='word_1_77' title='bbox 2457 1311 2524 1356; x_wconf 91' lang='lat' dir='ltr'><strong>se</strong></span> <span class='ocrx_word' id='word_1_78' title='bbox 2585 1293 2656 1356; x_wconf 92' lang='lat' dir='ltr'><strong>in</strong></span> <span class='ocrx_word' id='word_1_79' title='bbox 2715 1291 3040 1377; x_wconf 79' lang='lat' dir='ltr'><strong>Simplicii</strong></span> 
     </span>
     <span class='ocr_line' id='line_1_10' title="bbox 652 1394 3039 1482; baseline -0 -19"><span class='ocrx_word' id='word_1_80' title='bbox 652 1395 899 1478; x_wconf 39' lang='lat' dir='ltr'><strong>Codice·</strong></span> <span class='ocrx_word' id='word_1_81' title='bbox 945 1396 1237 1460; x_wconf 81' lang='lat' dir='ltr'><strong>Parisino</strong></span> <span class='ocrx_word' id='word_1_82' title='bbox 1300 1416 1413 1480; x_wconf 90' lang='lat' dir='ltr'><strong>pro</strong></span> <span class='ocrx_word' id='word_1_83' title='bbox 1470 1395 1764 1470; x_wconf 73' lang='grc' dir='ltr'><strong><em>κέκτηται</em></strong></span> <span class='ocrx_word' id='word_1_84' title='bbox 1823 1397 2137 1481; x_wconf 88' lang='lat' dir='ltr'><strong>scriptum</strong></span> <span class='ocrx_word' id='word_1_85' title='bbox 2185 1396 2628 1475; x_wconf 73' lang='grc' dir='ltr'><strong><em>τέτυκται,</em></strong></span> <span class='ocrx_word' id='word_1_86' title='bbox 2675 1397 2846 1482; x_wconf 87' lang='lat' dir='ltr'><strong>quod</strong></span> <span class='ocrx_word' id='word_1_87' title='bbox 2889 1394 3039 1464; x_wconf 86' lang='lat' dir='ltr'><strong>sane</strong></span> 
     </span>
     <span class='ocr_line' id='line_1_11' title="bbox 652 1499 3041 1588; baseline 0 -21"><span class='ocrx_word' id='word_1_88' title='bbox 652 1501 905 1568; x_wconf 88' lang='lat' dir='ltr'><strong>melius.</strong></span> <span class='ocrx_word' id='word_1_89' title='bbox 968 1500 1174 1566; x_wconf 88' lang='lat' dir='ltr'><strong>Locus</strong></span> <span class='ocrx_word' id='word_1_90' title='bbox 1221 1504 1317 1565; x_wconf 87' lang='lat' dir='ltr'><strong>est</strong></span> <span class='ocrx_word' id='word_1_91' title='bbox 1360 1502 1429 1564; x_wconf 90' lang='lat' dir='ltr'><strong>in</strong></span> <span class='ocrx_word' id='word_1_92' title='bbox 1472 1500 1635 1566; x_wconf 92' lang='lat' dir='ltr'><strong>libro</strong></span> <span class='ocrx_word' id='word_1_93' title='bbox 1685 1501 1958 1567; x_wconf 88' lang='lat' dir='ltr'><strong>secundo</strong></span> <span class='ocrx_word' id='word_1_94' title='bbox 2007 1501 2084 1566; x_wconf 89' lang='lat' dir='ltr'><strong>dc</strong></span> <span class='ocrx_word' id='word_1_95' title='bbox 2133 1499 2324 1568; x_wconf 87' lang='lat' dir='ltr'><strong>Coelo</strong></span> <span class='ocrx_word' id='word_1_96' title='bbox 2370 1524 2432 1588; x_wconf 89' lang='lat' dir='ltr'><strong>p.</strong></span> <span class='ocrx_word' id='word_1_97' title='bbox 2487 1501 2614 1568; x_wconf 86' lang='lat'><strong>138</strong></span> <span class='ocrx_word' id='word_1_98' title='bbox 2639 1524 2677 1570; x_wconf 88' lang='lat' dir='ltr'><strong>a</strong></span> <span class='ocrx_word' id='word_1_99' title='bbox 2720 1502 2839 1568; x_wconf 83' lang='lat' dir='ltr'><strong>Ed.</strong></span> <span class='ocrx_word' id='word_1_100' title='bbox 2886 1503 3041 1568; x_wconf 89' lang='lat' dir='ltr'><strong>Am-</strong></span> 
     </span>
     <span class='ocr_line' id='line_1_12' title="bbox 654 1605 3042 1694; baseline 0 -20"><span class='ocrx_word' id='word_1_101' title='bbox 654 1607 797 1674; x_wconf 84' lang='lat' dir='ltr'><strong>stel.</strong></span> <span class='ocrx_word' id='word_1_102' title='bbox 818 1655 835 1685; x_wconf 89' lang='lat'><em>,</em></span> <span class='ocrx_word' id='word_1_103' title='bbox 898 1609 967 1670; x_wconf 93' lang='lat' dir='ltr'><strong>in</strong></span> <span class='ocrx_word' id='word_1_104' title='bbox 1031 1627 1157 1691; x_wconf 90' lang='lat' dir='ltr'><strong>quo</strong></span> <span class='ocrx_word' id='word_1_105' title='bbox 1218 1605 1383 1671; x_wconf 90' lang='lat' dir='ltr'><strong>libro</strong></span> <span class='ocrx_word' id='word_1_106' title='bbox 1444 1605 1682 1672; x_wconf 90' lang='lat' dir='ltr'><strong>edendo</strong></span> <span class='ocrx_word' id='word_1_107' title='bbox 1748 1628 1950 1692; x_wconf 87' lang='lat' dir='ltr'><strong>quum</strong></span> <span class='ocrx_word' id='word_1_108' title='bbox 2011 1606 2393 1673; x_wconf 86' lang='lat' dir='ltr'><strong>Karstenius</strong></span> <span class='ocrx_word' id='word_1_109' title='bbox 2457 1611 2544 1673; x_wconf 91' lang='lat' dir='ltr'><strong>sit</strong></span> <span class='ocrx_word' id='word_1_110' title='bbox 2591 1614 2847 1674; x_wconf 89' lang='lat' dir='ltr'><strong>secutus</strong></span> <span class='ocrx_word' id='word_1_111' title='bbox 2894 1629 3042 1694; x_wconf 86' lang='lat' dir='ltr'><strong>apo·</strong></span> 
     </span>
     <span class='ocr_line' id='line_1_13' title="bbox 651 1710 3043 1800; baseline -0 -21"><span class='ocrx_word' id='word_1_112' title='bbox 651 1713 977 1800; x_wconf 85' lang='lat' dir='ltr'><strong>graphum</strong></span> <span class='ocrx_word' id='word_1_113' title='bbox 1038 1710 1189 1779; x_wconf 83' lang='lat' dir='ltr'><strong>cod.</strong></span> <span class='ocrx_word' id='word_1_114' title='bbox 1255 1712 1531 1777; x_wconf 86' lang='lat' dir='ltr'><strong>Parisini</strong></span> <span class='ocrx_word' id='word_1_115' title='bbox 1599 1712 1795 1792; x_wconf 84' lang='grc'><strong>1910,</strong></span> <span class='ocrx_word' id='word_1_116' title='bbox 1860 1713 2029 1798; x_wconf 83' lang='grc' dir='ltr'><strong>(111οᾶ</strong></span> <span class='ocrx_word' id='word_1_117' title='bbox 2092 1712 2370 1780; x_wconf 86' lang='lat' dir='ltr'><strong>Oobetus</strong></span> <span class='ocrx_word' id='word_1_118' title='bbox 2431 1715 2781 1780; x_wconf 80' lang='lat' dir='ltr'><strong>confecerat</strong></span> <span class='ocrx_word' id='word_1_119' title='bbox 2797 1764 2813 1793; x_wconf 87' lang='lat'>,</span> <span class='ocrx_word' id='word_1_120' title='bbox 2876 1714 3043 1780; x_wconf 89' lang='lat' dir='ltr'><strong>nihil</strong></span> 
     </span>
     <span class='ocr_line' id='line_1_14' title="bbox 650 1813 3044 1904; baseline -0.001 -20"><span class='ocrx_word' id='word_1_121' title='bbox 650 1821 853 1884; x_wconf 88' lang='lat' dir='ltr'><strong>miror</strong></span> <span class='ocrx_word' id='word_1_122' title='bbox 911 1813 1059 1883; x_wconf 77' lang='lat' dir='ltr'><strong>eum&#39;</strong></span> <span class='ocrx_word' id='word_1_123' title='bbox 1121 1839 1271 1883; x_wconf 89' lang='lat' dir='ltr'><strong>cum</strong></span> <span class='ocrx_word' id='word_1_124' title='bbox 1320 1815 1551 1884; x_wconf 81' lang='lat' dir='ltr'><strong>Codice</strong></span> <span class='ocrx_word' id='word_1_125' title='bbox 1598 1820 1922 1904; x_wconf 85' lang='lat' dir='ltr'><strong>scripsisse</strong></span> <span class='ocrx_word' id='word_1_126' title='bbox 1969 1817 2382 1896; x_wconf 71' lang='grc' dir='ltr'><strong><em>ξυμβάλλων,</em></strong></span> <span class='ocrx_word' id='word_1_127' title='bbox 2433 1818 2542 1884; x_wconf 90' lang='lat' dir='ltr'><strong>sed</strong></span> <span class='ocrx_word' id='word_1_128' title='bbox 2585 1819 2898 1886; x_wconf 85' lang='lat' dir='ltr'><strong>miraculo</strong></span> <span class='ocrx_word' id='word_1_129' title='bbox 2943 1824 3044 1886; x_wconf 87' lang='lat' dir='ltr'><strong>est</strong></span> 
     </span>
     <span class='ocr_line' id='line_1_15' title="bbox 564 1922 3047 2010; baseline 0.001 -20"><span class='ocrx_word' id='word_1_130' title='bbox 564 1996 571 1998; x_wconf 60' lang='grc'><strong>,</strong></span> <span class='ocrx_word' id='word_1_131' title='bbox 650 1925 977 2001; x_wconf 67' lang='grc' dir='ltr'><strong><em>κέκτηται,</em></strong></span> <span class='ocrx_word' id='word_1_132' title='bbox 1032 1945 1180 1989; x_wconf 88' lang='lat' dir='ltr'><strong>cum</strong></span> <span class='ocrx_word' id='word_1_133' title='bbox 1226 1928 1443 1989; x_wconf 87' lang='lat' dir='ltr'><strong>tamen</strong></span> <span class='ocrx_word' id='word_1_134' title='bbox 1490 1925 1840 1989; x_wconf 85' lang='lat' dir='ltr'><strong>secundum</strong></span> <span class='ocrx_word' id='word_1_135' title='bbox 1890 1922 2207 1990; x_wconf 87' lang='lat' dir='ltr'><strong>Oobetum</strong></span> <span class='ocrx_word' id='word_1_136' title='bbox 2254 1926 2473 2010; x_wconf 89' lang='lat' dir='ltr'><strong>ipsum</strong></span> <span class='ocrx_word' id='word_1_137' title='bbox 2516 1927 2585 1990; x_wconf 89' lang='lat' dir='ltr'><strong>in</strong></span> <span class='ocrx_word' id='word_1_138' title='bbox 2631 1947 2708 1990; x_wconf 87' lang='lat' dir='ltr'><strong>ea</strong></span> <span class='ocrx_word' id='word_1_139' title='bbox 2757 1924 2836 1990; x_wconf 87' lang='lat' dir='ltr'><strong>ad</strong></span> <span class='ocrx_word' id='word_1_140' title='bbox 2885 1922 3047 1992; x_wconf 82' lang='lat' dir='ltr'>Gee-</span> 
     </span>
     <span class='ocr_line' id='line_1_16' title="bbox 646 2029 3042 2119; baseline -0 -22"><span class='ocrx_word' id='word_1_141' title='bbox 646 2030 813 2098; x_wconf 87' lang='lat' dir='ltr'><strong>lium</strong></span> <span class='ocrx_word' id='word_1_142' title='bbox 877 2029 1154 2116; x_wconf 83' lang='lat' dir='ltr'><strong>epistula</strong></span> <span class='ocrx_word' id='word_1_143' title='bbox 1169 2079 1186 2107; x_wconf 92' lang='lat'>‚</span> <span class='ocrx_word' id='word_1_144' title='bbox 1254 2050 1414 2115; x_wconf 90' lang='lat' dir='ltr'><strong>quae</strong></span> <span class='ocrx_word' id='word_1_145' title='bbox 1476 2035 1576 2094; x_wconf 88' lang='lat' dir='ltr'><strong>tot</strong></span> <span class='ocrx_word' id='word_1_146' title='bbox 1638 2051 1833 2096; x_wconf 88' lang='lat' dir='ltr'><strong>annos</strong></span> <span class='ocrx_word' id='word_1_147' title='bbox 1892 2035 2039 2116; x_wconf 90' lang='lat' dir='ltr'><strong>post</strong></span> <span class='ocrx_word' id='word_1_148' title='bbox 2099 2033 2168 2095; x_wconf 91' lang='lat' dir='ltr'><strong>in</strong></span> <span class='ocrx_word' id='word_1_149' title='bbox 2227 2029 2441 2119; x_wconf 86' lang='lat' dir='ltr'><strong>lucem</strong></span> <span class='ocrx_word' id='word_1_150' title='bbox 2501 2034 2820 2117; x_wconf 82' lang='lat' dir='ltr'><strong>protracta</strong></span> <span class='ocrx_word' id='word_1_151' title='bbox 2881 2032 3007 2096; x_wconf 79' lang='lat' dir='ltr'><strong>fuit</strong></span> <span class='ocrx_word' id='word_1_152' title='bbox 3023 2079 3042 2109; x_wconf 89' lang='lat'><em>,</em></span> 
     </span>
     <span class='ocr_line' id='line_1_17' title="bbox 648 2119 3045 2230; baseline -0 -27"><span class='ocrx_word' id='word_1_153' title='bbox 648 2137 883 2203; x_wconf 83' lang='lat' dir='ltr'><strong>diserte</strong></span> <span class='ocrx_word' id='word_1_154' title='bbox 925 2136 1183 2223; x_wconf 82' lang='lat' dir='ltr'><strong>legatur</strong></span> <span class='ocrx_word' id='word_1_155' title='bbox 1229 2134 1545 2230; x_wconf 66' lang='grc' dir='ltr'><strong><em>τέτυκτοιι.</em></strong></span> <span class='ocrx_word' id='word_1_156' title='bbox 1594 2119 1818 2221; x_wconf 82' lang='lat' dir='ltr'><strong>Itaque</strong></span> <span class='ocrx_word' id='word_1_157' title='bbox 1863 2136 2165 2203; x_wconf 87' lang='lat' dir='ltr'><strong>credibile</strong></span> <span class='ocrx_word' id='word_1_158' title='bbox 2213 2129 2312 2201; x_wconf 82' lang='lat' dir='ltr'><strong>est</strong></span> <span class='ocrx_word' id='word_1_159' title='bbox 2359 2136 2778 2203; x_wconf 88' lang='lat' dir='ltr'><strong>Karstenium</strong></span> <span class='ocrx_word' id='word_1_160' title='bbox 2824 2136 3045 2202; x_wconf 88' lang='lat' dir='ltr'><strong>lectio-</strong></span> 
     </span>
     <span class='ocr_line' id='line_1_18' title="bbox 649 2244 1826 2330; baseline -0.001 -21"><span class='ocrx_word' id='word_1_161' title='bbox 649 2246 751 2309; x_wconf 85' lang='lat' dir='ltr'><strong>nis</strong></span> <span class='ocrx_word' id='word_1_162' title='bbox 794 2244 1253 2330; x_wconf 86' lang='lat' dir='ltr'><strong>praestantiam</strong></span> <span class='ocrx_word' id='word_1_163' title='bbox 1296 2262 1423 2308; x_wconf 90' lang='lat' dir='ltr'><strong>non</strong></span> <span class='ocrx_word' id='word_1_164' title='bbox 1468 2245 1826 2328; x_wconf 80' lang='lat' dir='ltr'><strong>agnovisse.</strong></span> 
     </span>
    </p>
   </div>
   <div class='ocr_carea' id='block_1_3' title="bbox 784 2422 1586 2473">
    <p class='ocr_par' dir='ltr' id='par_1_3' title="bbox 784 2422 1586 2473">
     <span class='ocr_line' id='line_1_19' title="bbox 784 2422 1586 2473; baseline 0 -1"><span class='ocrx_word' id='word_1_165' title='bbox 784 2423 1129 2472; x_wconf 80' lang='lat' dir='ltr'><strong>Amstelodami</strong></span> <span class='ocrx_word' id='word_1_166' title='bbox 1166 2439 1231 2473; x_wconf 88' lang='lat' dir='ltr'><strong>m.</strong></span> <span class='ocrx_word' id='word_1_167' title='bbox 1266 2422 1401 2472; x_wconf 84' lang='lat' dir='ltr'><strong>Maio</strong></span> <span class='ocrx_word' id='word_1_168' title='bbox 1441 2423 1586 2472; x_wconf 81' lang='lat'>1896.</span> 
     </span>
    </p>
   </div>
   <div class='ocr_carea' id='block_1_4' title="bbox 1415 2804 2275 2887">
    <p class='ocr_par' dir='ltr' id='par_1_4' title="bbox 1415 2804 2275 2887">
     <span class='ocr_line' id='line_1_20' title="bbox 1415 2804 2275 2887; baseline 0 -14"><span class='ocrx_word' id='word_1_169' title='bbox 1415 2818 1598 2887; x_wconf 71' lang='lat' dir='ltr'><strong>sors.</strong></span> <span class='ocrx_word' id='word_1_170' title='bbox 1648 2821 1792 2873; x_wconf 78' lang='grc'><strong>0111).</strong></span> <span class='ocrx_word' id='word_1_171' title='bbox 1840 2820 2115 2875; x_wconf 60' lang='lat' dir='ltr'><strong>afram.</strong></span> <span class='ocrx_word' id='word_1_172' title='bbox 2171 2804 2275 2873; x_wconf 81' lang='lat'><strong>15.</strong></span> 
     </span>
    </p>
   </div>
   <div class='ocr_carea' id='block_1_5' title="bbox 563 2982 3040 4450">
    <p class='ocr_par' dir='ltr' id='par_1_5' title="bbox 734 2982 3040 3075">
     <span class='ocr_line' id='line_1_21' title="bbox 734 2982 3040 3075; baseline -0.001 -18"><span class='ocrx_word' id='word_1_173' title='bbox 734 2982 929 3057; x_wconf 87' lang='lat' dir='ltr'><strong>Hunc</strong></span> <span class='ocrx_word' id='word_1_174' title='bbox 965 2982 1358 3057; x_wconf 82' lang='lat' dir='ltr'><strong>versiculum</strong></span> <span class='ocrx_word' id='word_1_175' title='bbox 1396 2983 1456 3053; x_wconf 89' lang='lat' dir='ltr'>N</span> <span class='ocrx_word' id='word_1_176' title='bbox 1457 2988 1726 3054; x_wconf 85' lang='lat' dir='ltr'><strong>auckius</strong></span> <span class='ocrx_word' id='word_1_177' title='bbox 1764 2990 1832 3053; x_wconf 90' lang='lat' dir='ltr'><strong>in</strong></span> <span class='ocrx_word' id='word_1_178' title='bbox 1869 2994 2194 3075; x_wconf 87' lang='lat' dir='ltr'><strong>postrema</strong></span> <span class='ocrx_word' id='word_1_179' title='bbox 2232 3010 2427 3075; x_wconf 89' lang='lat' dir='ltr'><strong>quam</strong></span> <span class='ocrx_word' id='word_1_180' title='bbox 2467 2990 2716 3055; x_wconf 83' lang='lat' dir='ltr'><strong>curavit</strong></span> <span class='ocrx_word' id='word_1_181' title='bbox 2754 2990 3040 3055; x_wconf 83' lang='lat' dir='ltr'><strong>editione</strong></span> 
     </span>
    </p>

    <p class='ocr_par' dir='ltr' id='par_1_6' title="bbox 646 3099 1075 3183">
     <span class='ocr_line' id='line_1_22' title="bbox 646 3099 1075 3183; baseline -0.002 -21"><span class='ocrx_word' id='word_1_182' title='bbox 646 3099 741 3163; x_wconf 86' lang='lat' dir='ltr'><strong>ita</strong></span> <span class='ocrx_word' id='word_1_183' title='bbox 785 3099 1075 3183; x_wconf 84' lang='lat' dir='ltr'><strong>scripsit:</strong></span> 
     </span>
    </p>

    <p class='ocr_par' dir='ltr' id='par_1_7' title="bbox 1190 3198 2476 3287">
     <span class='ocr_line' id='line_1_23' title="bbox 1190 3198 2476 3287; baseline -0.002 -18"><span class='ocrx_word' id='word_1_184' title='bbox 1190 3204 1329 3287; x_wconf 76' lang='grc' dir='ltr'><strong>ὁρᾷς</strong></span> <span class='ocrx_word' id='word_1_185' title='bbox 1377 3202 1489 3281; x_wconf 77' lang='grc' dir='ltr'><strong>μὲν</strong></span> <span class='ocrx_word' id='word_1_186' title='bbox 1539 3204 1712 3280; x_wconf 71' lang='grc' dir='ltr'><strong>ἡμᾶς</strong></span> <span class='ocrx_word' id='word_1_187' title='bbox 1761 3198 1954 3280; x_wconf 75' lang='grc' dir='ltr'><strong><em>ἡλίκοι</em></strong></span> <span class='ocrx_word' id='word_1_188' title='bbox 2003 3202 2476 3284; x_wconf 73' lang='grc' dir='ltr'><strong><em>προσήμεθοι</em></strong></span> 
     </span>
    </p>

    <p class='ocr_par' dir='ltr' id='par_1_8' title="bbox 563 3308 3040 4450">
     <span class='ocr_line' id='line_1_24' title="bbox 1189 3308 1874 3389; baseline -0.001 -15"><span class='ocrx_word' id='word_1_189' title='bbox 1189 3308 1463 3389; x_wconf 70' lang='grc' dir='ltr'><strong><em>βάθροισι</em></strong></span> <span class='ocrx_word' id='word_1_190' title='bbox 1513 3316 1638 3381; x_wconf 77' lang='grc' dir='ltr'><strong><em>τοῖς</em></strong></span> <span class='ocrx_word' id='word_1_191' title='bbox 1689 3316 1836 3382; x_wconf 78' lang='grc' dir='ltr'><strong><em>σοῖς.</em></strong></span> <span class='ocrx_word' id='word_1_192' title='bbox 1856 3358 1874 3388; x_wconf 90' lang='grc'><strong><em>,</em></strong></span> 
     </span>
     <span class='ocr_line' id='line_1_25' title="bbox 647 3406 3040 3500; baseline -0.003 -17"><span class='ocrx_word' id='word_1_193' title='bbox 647 3406 797 3483; x_wconf 83' lang='lat' dir='ltr'><strong>nam</strong></span> <span class='ocrx_word' id='word_1_194' title='bbox 830 3416 1083 3500; x_wconf 75' lang='lat' dir='ltr'><strong>recepit</strong></span> <span class='ocrx_word' id='word_1_195' title='bbox 1130 3417 1583 3481; x_wconf 87' lang='lat' dir='ltr'><strong>correctionem</strong></span> <span class='ocrx_word' id='word_1_196' title='bbox 1628 3412 1925 3480; x_wconf 88' lang='lat' dir='ltr'><strong>Mauritii</strong></span> <span class='ocrx_word' id='word_1_197' title='bbox 1971 3414 2264 3481; x_wconf 83' lang='lat' dir='ltr'><strong>Schmidt</strong></span> <span class='ocrx_word' id='word_1_198' title='bbox 2282 3461 2299 3491; x_wconf 90' lang='lat'><em>,</em></span> <span class='ocrx_word' id='word_1_199' title='bbox 2350 3435 2500 3479; x_wconf 90' lang='lat' dir='ltr'><strong>cum</strong></span> <span class='ocrx_word' id='word_1_200' title='bbox 2545 3415 2611 3477; x_wconf 89' lang='lat' dir='ltr'><strong>in</strong></span> <span class='ocrx_word' id='word_1_201' title='bbox 2657 3410 2822 3478; x_wconf 88' lang='lat' dir='ltr'><strong>libro</strong></span> <span class='ocrx_word' id='word_1_202' title='bbox 2869 3411 3040 3477; x_wconf 87' lang='lat' dir='ltr'><strong>Lau-</strong></span> 
     </span>
     <span class='ocr_line' id='line_1_26' title="bbox 563 3518 3037 3607; baseline -0.002 -19"><span class='ocrx_word' id='word_1_203' title='bbox 563 3570 570 3577; x_wconf 84' lang='lat'><strong>·</strong></span> <span class='ocrx_word' id='word_1_204' title='bbox 644 3522 935 3588; x_wconf 86' lang='lat' dir='ltr'><strong>rentiano</strong></span> <span class='ocrx_word' id='word_1_205' title='bbox 990 3520 1346 3607; x_wconf 83' lang='lat' dir='ltr'><strong>legeretur:</strong></span> <span class='ocrx_word' id='word_1_206' title='bbox 1412 3521 1680 3598; x_wconf 74' lang='grc' dir='ltr'><strong><em>βωμοῖσι</em></strong></span> <span class='ocrx_word' id='word_1_207' title='bbox 1737 3529 1862 3591; x_wconf 84' lang='grc' dir='ltr'><strong><em>τοῖς</em></strong></span> <span class='ocrx_word' id='word_1_208' title='bbox 1909 3528 2056 3592; x_wconf 75' lang='grc' dir='ltr'><strong><em>σοῖς.</em></strong></span> <span class='ocrx_word' id='word_1_209' title='bbox 2101 3520 2418 3585; x_wconf 85' lang='lat' dir='ltr'><strong>Remanet</strong></span> <span class='ocrx_word' id='word_1_210' title='bbox 2463 3518 2743 3585; x_wconf 89' lang='lat' dir='ltr'><strong>alterum</strong></span> <span class='ocrx_word' id='word_1_211' title='bbox 2789 3520 3037 3583; x_wconf 86' lang='lat' dir='ltr'><strong>vitium</strong></span> 
     </span>
     <span class='ocr_line' id='line_1_27' title="bbox 642 3618 3034 3712; baseline -0.003 -19"><span class='ocrx_word' id='word_1_212' title='bbox 642 3620 889 3693; x_wconf 81' lang='lat' dir='ltr'><strong>nemini</strong></span> <span class='ocrx_word' id='word_1_213' title='bbox 926 3619 1257 3712; x_wconf 86' lang='lat' dir='ltr'><strong>hucusque</strong></span> <span class='ocrx_word' id='word_1_214' title='bbox 1295 3618 1808 3693; x_wconf 83' lang='lat' dir='ltr'><strong>animadversum</strong></span> <span class='ocrx_word' id='word_1_215' title='bbox 1853 3625 2020 3711; x_wconf 91' lang='lat' dir='ltr'><strong>quod</strong></span> <span class='ocrx_word' id='word_1_216' title='bbox 2057 3625 2238 3691; x_wconf 88' lang='lat' dir='ltr'><strong>nullo</strong></span> <span class='ocrx_word' id='word_1_217' title='bbox 2277 3627 2538 3711; x_wconf 82' lang='lat' dir='ltr'><strong>negotio</strong></span> <span class='ocrx_word' id='word_1_218' title='bbox 2577 3623 2726 3689; x_wconf 89' lang='lat' dir='ltr'><strong>tolli</strong></span> <span class='ocrx_word' id='word_1_219' title='bbox 2769 3624 3034 3709; x_wconf 89' lang='lat' dir='ltr'><strong>poter-it.</strong></span> 
     </span>
     <span class='ocr_line' id='line_1_28' title="bbox 646 3722 3036 3818; baseline -0.001 -21"><span class='ocrx_word' id='word_1_220' title='bbox 646 3722 848 3813; x_wconf 80' lang='lat' dir='ltr'><strong>Quod</strong></span> <span class='ocrx_word' id='word_1_221' title='bbox 866 3733 1393 3798; x_wconf 87' lang='lat' dir='ltr'><strong>commonstrabit</strong></span> <span class='ocrx_word' id='word_1_222' title='bbox 1431 3730 1862 3818; x_wconf 83' lang='lat' dir='ltr'><strong>photograpta</strong></span> <span class='ocrx_word' id='word_1_223' title='bbox 1897 3733 2116 3818; x_wconf 77' lang='lat' dir='ltr'><strong>imag-o</strong></span> <span class='ocrx_word' id='word_1_224' title='bbox 2137 3780 2153 3811; x_wconf 91' lang='lat'><strong><em>,</em></strong></span> <span class='ocrx_word' id='word_1_225' title='bbox 2197 3754 2326 3797; x_wconf 92' lang='lat' dir='ltr'><strong>non</strong></span> <span class='ocrx_word' id='word_1_226' title='bbox 2357 3735 2569 3796; x_wconf 79' lang='lat' dir='ltr'><strong>exstat</strong></span> <span class='ocrx_word' id='word_1_227' title='bbox 2589 3732 2658 3795; x_wconf 87' lang='lat' dir='ltr'><strong>in</strong></span> <span class='ocrx_word' id='word_1_228' title='bbox 2683 3729 3036 3815; x_wconf 79' lang='lat' dir='ltr'><strong>archetypo</strong></span> 
     </span>
     <span class='ocr_line' id='line_1_29' title="bbox 642 3833 3034 3923; baseline -0.002 -19"><span class='ocrx_word' id='word_1_229' title='bbox 642 3838 859 3904; x_wconf 91' lang='lat' dir='ltr'><strong>codice</strong></span> <span class='ocrx_word' id='word_1_230' title='bbox 918 3839 1273 3917; x_wconf 71' lang='grc' dir='ltr'><strong><em>προσήμεθα</em></strong></span> <span class='ocrx_word' id='word_1_231' title='bbox 1330 3837 1440 3902; x_wconf 88' lang='lat' dir='ltr'><strong>sed</strong></span> <span class='ocrx_word' id='word_1_232' title='bbox 1500 3838 1882 3919; x_wconf 71' lang='grc' dir='ltr'><strong><em>προσκΙμεθω</em></strong></span> <span class='ocrx_word' id='word_1_233' title='bbox 1942 3837 2136 3923; x_wconf 88' lang='lat' dir='ltr'><strong>idque</strong></span> <span class='ocrx_word' id='word_1_234' title='bbox 2194 3858 2396 3903; x_wconf 85' lang='lat' dir='ltr'><strong>mann</strong></span> <span class='ocrx_word' id='word_1_235' title='bbox 2455 3835 2636 3901; x_wconf 90' lang='lat' dir='ltr'><strong>ducit</strong></span> <span class='ocrx_word' id='word_1_236' title='bbox 2680 3833 2760 3900; x_wconf 84' lang='lat' dir='ltr'><strong>ad</strong></span> <span class='ocrx_word' id='word_1_237' title='bbox 2803 3854 3034 3901; x_wconf 83' lang='lat' dir='ltr'><strong>veram</strong></span> 
     </span>
     <span class='ocr_line' id='line_1_30' title="bbox 628 3941 3028 4028; baseline -0.001 -20"><span class='ocrx_word' id='word_1_238' title='bbox 628 3942 981 4009; x_wconf 85' lang='lat' dir='ltr'><strong>lectionem</strong></span> <span class='ocrx_word' id='word_1_239' title='bbox 1046 3966 1094 4005; x_wconf 82' lang='grc' dir='ltr'>π</span> <span class='ocrx_word' id='word_1_240' title='bbox 1109 3964 1139 4023; x_wconf 85' lang='grc' dir='ltr'>ρ</span> <span class='ocrx_word' id='word_1_241' title='bbox 1158 3964 1185 4005; x_wconf 91' lang='grc' dir='ltr'><strong><em>ο</em></strong></span> <span class='ocrx_word' id='word_1_242' title='bbox 1201 3966 1240 4005; x_wconf 87' lang='grc' dir='ltr'><strong><em>σ</em></strong></span> <span class='ocrx_word' id='word_1_243' title='bbox 1259 3966 1295 4006; x_wconf 80' lang='grc' dir='ltr'><strong><em>κ</em></strong></span> <span class='ocrx_word' id='word_1_244' title='bbox 1311 3966 1340 4006; x_wconf 83' lang='grc' dir='ltr'><strong><em>ε</em></strong></span> <span class='ocrx_word' id='word_1_245' title='bbox 1360 3942 1383 4005; x_wconf 82' lang='grc' dir='ltr'><em>ί</em></span> <span class='ocrx_word' id='word_1_246' title='bbox 1398 3968 1447 4020; x_wconf 92' lang='grc' dir='ltr'><strong><em>μ</em></strong></span> <span class='ocrx_word' id='word_1_247' title='bbox 1469 3968 1496 4006; x_wconf 80' lang='grc' dir='ltr'><em>ε</em></span> <span class='ocrx_word' id='word_1_248' title='bbox 1515 3943 1544 4006; x_wconf 77' lang='grc' dir='ltr'>θ</span> <span class='ocrx_word' id='word_1_249' title='bbox 1563 3967 1627 4007; x_wconf 81' lang='grc' dir='ltr'><strong>οι.</strong></span> <span class='ocrx_word' id='word_1_250' title='bbox 1696 3943 1874 4009; x_wconf 89' lang='lat' dir='ltr'><strong>Haec</strong></span> <span class='ocrx_word' id='word_1_251' title='bbox 1933 3946 2284 4028; x_wconf 89' lang='lat' dir='ltr'><strong>scripturae</strong></span> <span class='ocrx_word' id='word_1_252' title='bbox 2347 3942 2771 4026; x_wconf 87' lang='lat' dir='ltr'><strong>discrepantia</strong></span> <span class='ocrx_word' id='word_1_253' title='bbox 2831 3941 3028 4005; x_wconf 85' lang='lat' dir='ltr'><strong>etiam</strong></span> 
     </span>
     <span class='ocr_line' id='line_1_31' title="bbox 643 4042 3029 4134; baseline -0.002 -21"><span class='ocrx_word' id='word_1_254' title='bbox 643 4046 962 4134; x_wconf 83' lang='lat' dir='ltr'><strong>Aeschylo</strong></span> <span class='ocrx_word' id='word_1_255' title='bbox 999 4047 1293 4132; x_wconf 85' lang='lat' dir='ltr'><strong>prodesse</strong></span> <span class='ocrx_word' id='word_1_256' title='bbox 1332 4050 1602 4133; x_wconf 88' lang='lat' dir='ltr'><strong>poterit,</strong></span> <span class='ocrx_word' id='word_1_257' title='bbox 1644 4042 1794 4113; x_wconf 88' lang='lat' dir='ltr'><strong>nam</strong></span> <span class='ocrx_word' id='word_1_258' title='bbox 1835 4050 1999 4134; x_wconf 89' lang='lat' dir='ltr'><strong>qnod</strong></span> <span class='ocrx_word' id='word_1_259' title='bbox 2037 4052 2106 4113; x_wconf 91' lang='lat' dir='ltr'><strong>in</strong></span> <span class='ocrx_word' id='word_1_260' title='bbox 2142 4049 2356 4114; x_wconf 87' lang='lat' dir='ltr'><strong>Persis</strong></span> <span class='ocrx_word' id='word_1_261' title='bbox 2379 4050 2710 4115; x_wconf 86' lang='lat' dir='ltr'><strong>invenitur</strong></span> <span class='ocrx_word' id='word_1_262' title='bbox 2728 4067 2826 4113; x_wconf 84' lang='lat' dir='ltr'><strong>vs.</strong></span> <span class='ocrx_word' id='word_1_263' title='bbox 2853 4043 3029 4110; x_wconf 84' lang='lat'>880:</span> 
     </span>
     <span class='ocr_line' id='line_1_32' title="bbox 640 4150 3031 4237; baseline -0.001 -20"><span class='ocrx_word' id='word_1_264' title='bbox 640 4156 809 4217; x_wconf 74' lang='grc' dir='ltr'><strong><em>νᾶσοι</em></strong></span> <span class='ocrx_word' id='word_1_265' title='bbox 840 4150 1103 4236; x_wconf 73' lang='grc' dir='ltr'><strong>-σᾷδε</strong></span> <span class='ocrx_word' id='word_1_266' title='bbox 1128 4158 1221 4235; x_wconf 71' lang='grc' dir='ltr'><strong>γᾷ</strong></span> <span class='ocrx_word' id='word_1_267' title='bbox 1263 4153 1807 4232; x_wconf 73' lang='grc' dir='ltr'><strong><em>προσήμεναι,</em></strong></span> <span class='ocrx_word' id='word_1_268' title='bbox 1849 4152 2096 4237; x_wconf 88' lang='lat' dir='ltr'><strong>placere</strong></span> <span class='ocrx_word' id='word_1_269' title='bbox 2119 4154 2372 4219; x_wconf 88' lang='lat' dir='ltr'><strong>debebit</strong></span> <span class='ocrx_word' id='word_1_270' title='bbox 2405 4152 3031 4232; x_wconf 67' lang='grc' dir='ltr'><strong><em>προσκείμεναι.</em></strong></span> 
     </span>
     <span class='ocr_line' id='line_1_33' title="bbox 640 4256 3033 4345; baseline -0.002 -22"><span class='ocrx_word' id='word_1_271' title='bbox 640 4256 1024 4345; x_wconf 82' lang='lat' dir='ltr'><strong>Blaydesius</strong></span> <span class='ocrx_word' id='word_1_272' title='bbox 1085 4260 1155 4322; x_wconf 89' lang='lat' dir='ltr'><strong>in</strong></span> <span class='ocrx_word' id='word_1_273' title='bbox 1214 4258 1477 4325; x_wconf 88' lang='lat' dir='ltr'><strong>eandem</strong></span> <span class='ocrx_word' id='word_1_274' title='bbox 1539 4259 1996 4325; x_wconf 89' lang='lat' dir='ltr'><strong>correctionem</strong></span> <span class='ocrx_word' id='word_1_275' title='bbox 2039 4259 2354 4325; x_wconf 87' lang='lat' dir='ltr'><strong>inciderat</strong></span> <span class='ocrx_word' id='word_1_276' title='bbox 2369 4304 2386 4337; x_wconf 87' lang='lat'>‚</span> <span class='ocrx_word' id='word_1_277' title='bbox 2437 4278 2598 4343; x_wconf 86' lang='lat' dir='ltr'><strong>quae</strong></span> <span class='ocrx_word' id='word_1_278' title='bbox 2643 4275 2812 4322; x_wconf 86' lang='lat' dir='ltr'><strong>nnnc</strong></span> <span class='ocrx_word' id='word_1_279' title='bbox 2855 4276 3033 4321; x_wconf 81' lang='lat' dir='ltr'><strong>novo</strong></span> 
     </span>
     <span class='ocr_line' id='line_1_34' title="bbox 642 4347 2930 4450; baseline -0.002 -21"><span class='ocrx_word' id='word_1_280' title='bbox 642 4368 1023 4450; x_wconf 81' lang='lat' dir='ltr'><strong>argumento</strong></span> <span class='ocrx_word' id='word_1_281' title='bbox 1068 4364 1495 4431; x_wconf 86' lang='lat' dir='ltr'><strong>confirmatur.</strong></span> <span class='ocrx_word' id='word_1_282' title='bbox 1932 4423 1936 4427; x_wconf 89' lang='lat'>.</span> <span class='ocrx_word' id='word_1_283' title='bbox 1975 4410 1980 4415; x_wconf 52' lang='grc'><em>·</em></span> <span class='ocrx_word' id='word_1_284' title='bbox 2117 4388 2124 4394; x_wconf 93' lang='grc'><strong><em>·</em></strong></span> <span class='ocrx_word' id='word_1_285' title='bbox 2335 4347 2344 4353; x_wconf 54' lang='grc'><strong>’</strong></span> <span class='ocrx_word' id='word_1_286' title='bbox 2377 4363 2380 4367; x_wconf 78' lang='grc'><strong>’</strong></span> <span class='ocrx_word' id='word_1_287' title='bbox 2447 4406 2450 4413; x_wconf 93' lang='grc'>-</span> <span class='ocrx_word' id='word_1_288' title='bbox 2609 4360 2674 4427; x_wconf 77' lang='lat' dir='ltr'><strong>S.</strong></span> <span class='ocrx_word' id='word_1_289' title='bbox 2724 4362 2802 4426; x_wconf 87' lang='lat' dir='ltr'><strong>A.</strong></span> <span class='ocrx_word' id='word_1_290' title='bbox 2849 4359 2930 4425; x_wconf 86' lang='lat' dir='ltr'><strong>N.</strong></span> 
     </span>
    </p>
   </div>
   <div class='ocr_carea' id='block_1_6' title="bbox 1622 4519 2014 4533">
    <p class='ocr_par' dir='ltr' id='par_1_9' title="bbox 1622 4519 2014 4533">
     <span class='ocr_line' id='line_1_35' title="bbox 1622 4519 2014 4533; baseline 0.005 -2"><span class='ocrx_word' id='word_1_291' title='bbox 1622 4519 2014 4533; x_wconf 52' lang='lat' dir='ltr'><strong>——n———d</strong></span> 
     </span>
    </p>
   </div>
  </div>
 </body>
</html>
