3351 5463
1320 387 1705 438 insomne.
2624 367 2707 435 41

333 555 768 642 significarent
828 553 996 635 turpi
1057 555 1224 617 modo
1271 554 1488 616 dixisti
1504 603 1521 632 ‚
1570 557 1614 618 i.
1643 575 1697 619 e.
1744 557 1839 618 ita
1885 559 1965 618 ut
2007 575 2107 619 res
2156 560 2309 632 (non
2354 550 2551 632 mala)
2597 572 2711 636 pro

331 663 513 746 turpi
571 661 793 725 haberi
847 659 1090 724 debeat.
1139 659 1599 724 Difficultatem
1620 708 1635 737 ‚
1686 681 1881 744 quam
1926 661 2174 745 primus
2222 660 2487 743 exposui
2531 657 2605 720 E.
2632 657 2709 721 A.

332 789 397 853 p.
430 765 580 844 147,
629 769 827 831 sensit
866 767 1062 831 etiam
1101 765 1377 852 Blaydes
1416 787 1565 852 pag.
1609 765 1739 830 333
1780 768 2093 830 coniciens
2136 765 2203 828 τὸ
2246 768 2373 828 πᾶν
2404 765 2710 842 (omnino,

333 877 620 958 prorsus)
658 869 878 948 ἄτιμ’
919 869 1078 951 ἔργ’
1119 869 1359 949 ἔλεξας.
1401 871 1721 956 Equidem
1762 870 2178 957 praetulerim
2204 873 2272 935 τὸ
2299 873 2423 934 πὲὶν
2466 867 2711 946 ἄτιμ’,

334 973 424 1043 οἷ’
488 975 747 1055 ἔλεξας,
808 979 933 1041 nisi
993 977 1154 1042 forte
1215 999 1446 1043 verum
1507 983 1604 1042 est
1669 976 1838 1062 quod
1898 976 1990 1041 1.1.
2058 976 2422 1061 suspicabar
2472 973 2713 1049 ἀτίμως

337 1089 565 1150 natum
610 1103 743 1147 esse
791 1103 824 1146 e
871 1085 1162 1168 sequenti
1208 1083 1508 1157 ἀτίμωσιν
1555 1088 1619 1147 et
1664 1082 2063 1170 Aeschylum
2110 1083 2433 1165 scripsisse

792 1187 860 1253 τὸ
910 1192 983 1266 (s,
1037 1185 1098 1268 ἦ)
1148 1187 1727 1262 παντότολμον
1776 1185 2033 1264 ἔλεξας,
2085 1185 2237 1260 οἴμοι

335 1293 480 1359 coll.
530 1294 763 1379 Agam.
813 1292 966 1358 221.
1033 1292 1254 1356 Minus
1301 1293 1490 1358 hodie
1529 1294 1697 1358 mihi
1730 1292 1965 1357 arridet
2003 1291 2203 1357 altera
2240 1311 2433 1375 quam
2470 1289 2713 1355 ibidem

332 1401 634 1484 proposui
694 1400 1052 1463 coniectura
1111 1395 1320 1475 ἔρεξας
1382 1419 1495 1483 pro
1557 1396 1778 1474 ἔλεξας
1840 1403 1905 1462 et
1968 1398 2157 1468 τίσεις
2219 1417 2332 1481 pro
2399 1395 2588 1472 τίσει,
2638 1399 2714 1458 ut

334 1505 438 1568 his
499 1504 709 1569 verbis
773 1502 1022 1568 Orestes
1082 1505 1408 1567 continuet
1474 1524 1668 1587 quam
1732 1523 1907 1568 soror
1970 1523 2109 1568 orsa
2156 1509 2289 1566 erat
2338 1500 2415 1566 ad
2464 1497 2716 1585 Clytae-

334 1615 648 1674 mestram
695 1611 1064 1674 orationem.
1116 1606 1213 1675 Of.
1267 1608 1400 1672 430
1425 1629 1560 1693 sqq.

429 1825 588 1893 Cho.
640 1825 770 1891 342
819 1826 954 1890 ἀντὶ
1007 1826 1068 1890 δὲ
1119 1827 1330 1906 θρήνων
1378 1825 1824 1902 ἐπιτυμβιδίων

816 1933 1011 1998 παιὰν
1060 1933 1384 2011 μελάθροις
1435 1933 1494 1996 ἕν
1543 1932 1892 2009 βασιλείοις

815 2038 1051 2118 φιοὶλην
1101 2044 1392 2117 νεοκρᾶτα
1446 2039 1790 2118 κομίζοι.

335 2143 670 2208 Ultimum
709 2145 981 2210 verbum
1014 2147 1123 2209 vix
1163 2165 1410 2210 sanum.
1454 2143 1695 2209 Suadet
1719 2145 2031 2208 sententia
2065 2139 2408 2220 κλεΐζοι,
2452 2141 2717 2206 celebret.

433 2359 590 2428 Cho.
641 2362 772 2427 414
819 2363 1173 2441 σπλάγχνα
1227 2363 1289 2426 δέ
1338 2386 1437 2437 μοι
1487 2365 1877 2426 κελαινοῦται
1922 2359 1935 2445 l
1976 2360 2168 2439 πρὸς
2228 2357 2370 2430 ἔπος
2424 2359 2715 2442 κλυούσᾳ.

332 2469 652 2554 Suspecta
697 2471 1099 2555 praepositio.
1151 2467 1567 2555 Corrigebam
1613 2467 1767 2532 τόδ’
1816 2465 1958 2538 ἔπος
2002 2465 2076 2530 Ε.
2103 2467 2180 2530 A.
2227 2488 2289 2551 p.
2345 2465 2491 2530 141.

431 2669 590 2739 Cho.
641 2670 767 2737 451
820 2670 1066 2739 Chorus
1114 2671 1187 2737 ad
1241 2671 1564 2737 Orestem:

817 2778 895 2844 δι’
947 2779 1108 2843 ὤτων
1155 2779 1218 2842 δὲ
1265 2802 1398 2844 συν·

815 2884 1090 2964 τέτραινε
1138 2886 1320 2961 μῦθον
1371 2884 1582 2964 ἧςύχῳ
1633 2885 1765 2963 (oze.
1815 2883 1943 2967 Bl.)
1991 2886 2218 2965 Φρενῶν
2263 2883 2476 2961 βάσει.

817 2992 898 3054 τὰ
949 2992 1064 3067 μὲν
1111 2992 1237 3069 γὰρ
1286 2988 1476 3062 οὕτως
1526 2988 1696 3069 ἔχει,

817 3096 901 3159 τα
950 3096 1001 3158 δ’
1049 3094 1298 3167 αὐτὸς
1345 3097 1545 3178 ὀργᾷ
1597 3095 1815 3171 μαθεῖν

815 3200 1028 3279 πρέπει
1075 3202 1129 3265 δ’
1176 3202 1492 3281 ακοὶμπτῳ
1543 3201 1709 3277 μένει
1758 3202 2059 3276 καθήκειν.

325 3306 497 3373 Sive
556 3307 711 3389 ὀργᾷ
777 3307 969 3372 habes
1040 3329 1153 3393 pro
1224 3311 1415 3389 tertia
1483 3328 1749 3393 persona
1821 3308 2002 3372 verbi
2071 3309 2261 3383 ὀργόἑν
2334 3309 2469 3371 sive
2540 3312 2715 3386 (cum

325 3412 763 3492 Weckleinio)
837 3435 951 3499 pro
1013 3413 1286 3478 secunda
1345 3415 1527 3479 verbi
1587 3414 1885 3491 ὄργᾶσθαι
1909 3460 1923 3487 ,
1991 3412 2219 3477 idoneo
2299 3433 2485 3476 sensu
2562 3411 2715 3475 haec

321 3516 651 3583 vocabula
697 3524 927 3582 carent.
976 3518 1275 3604 Intellegi
1321 3524 1529 3604 potest
1577 3518 1748 3603 quod
1787 3520 2054 3583 coniecit
2096 3517 2193 3582 Β1.
2234 3539 2298 3602 p.
2342 3515 2471 3581 333
2515 3517 2719 3580 αὐτίκ’

324 3632 424 3705 (s.
486 3618 656 3693 αὖθις
725 3646 787 3708 p.
839 3623 996 3704 248)
1062 3622 1274 3701 ἔσται,
1341 3624 1449 3688 sed
1513 3624 1670 3705 ὀργᾷ
1727 3644 1804 3688 ex
1854 3622 2027 3687 ἔσται
2077 3628 2303 3687 natum
2350 3643 2485 3686 esse
2531 3642 2715 3687 nemo

325 3729 576 3795 credet.
639 3728 953 3813 Equidem
1009 3730 1267 3815 ambigo
1316 3730 1670 3794 soribamne
1718 3731 1799 3793 τοὶ
1849 3729 1899 3792 δ’
1952 3725 2182 3800 αὖθις
2229 3728 2425 3808 ἔργα
2476 3729 2713 3804 μαθεῖν,
2796 3780 2813 3795 .

320 3838 376 3900 i.
443 3854 497 3897 e.
551 3836 804 3915 posthac
862 3834 1014 3898 scire
1075 3835 1350 3899 desidera
1413 3856 1494 3899 an
1556 3835 1643 3899 τοὶ
1713 3834 1767 3899 δ’
1828 3831 1969 3899 αὖθ
1990 3858 2057 3906 ις
2104 3832 2250 3913 ὥρα
2299 3835 2539 3911 μαθεῖν,
2586 3836 2631 3897 i.
2659 3853 2713 3897 e.

311 3940 592 4025 posthac
631 3946 850 4021 tempus
897 3946 984 4003 est
1026 3940 1199 4005 scire.

436 4138 594 4207 Cho.
645 4139 774 4206 506
837 4140 1060 4220 Φέλλοι
1125 4142 1178 4205 δ’
1240 4143 1320 4214 ὥς
1382 4140 1675 4221 ἄγουσι
1742 4144 1999 4207 δίκτυον.
2062 4142 2338 4228 Blaydes
2388 4145 2533 4230 pag.
2586 4142 2718 4208 334

325 4245 615 4329 »ἄγουσι
663 4251 774 4313 vix
822 4248 1181 4335 significare
1219 4255 1433 4334 potest
1469 4248 1757 4329 ἀνέχουσι
1802 4252 2190 4330 (sustinent).
2232 4250 2418 4315 Latet
2458 4251 2718 4316 fortasse

319 4354 619 4420 verbum
685 4357 1044 4430 σημαίνουσι
1122 4355 1454 4436 (indicant)
1527 4355 1953 4443 significans’'.
2040 4355 2378 4421 Eiusmodi
2447 4357 2718 4422 verbum

321 4459 520 4528 haud
580 4459 765 4526 facile
825 4464 1192 4547 reperietur.
1256 4460 1327 4527 Si
1389 4462 1542 4547 quid
1595 4462 1982 4528 mutandum
2028 4464 2145 4540 sit,
2198 4465 2402 4547 possis
2450 4462 2716 4543 φέρουσι.
