3351 5463
603 973 752 1063 AD
812 974 1250 1064 MINUOII
1287 959 1719 1065 'FELICIS
1775 974 2325 1064 OCTAVIUM

1084 1109 1848 1201 CONIEOTANEA.

1349 1315 1597 1357 sempsl‘r

1170 1467 1220 1532 I.
1272 1466 1341 1535 O.
1392 1466 1471 1535 G.
1521 1467 1759 1533 ΒΟΟΤ.

1250 1723 1669 1792 w.

352 2009 559 2076 Hunc
597 2011 841 2078 librum
877 2013 945 2076 in
986 2014 1175 2076 unico
1214 2012 1427 2077 codice
1466 2011 1589 2077 MS
1628 2013 1928 2079 mendose
1968 2013 2358 2099 descriptum
2390 2013 2624 2080 melius
2638 2063 2655 2094 ,

258 2135 466 2198 quam
536 2137 573 2180 a
640 2117 862 2183 Iacobo
932 2113 1257 2182 Gronovio
1328 2122 1393 2182 et
1446 2121 1497 2182 ‘a
1563 2119 1794 2184 Ioanne
1857 2118 2118 2186 Davisio
2184 2120 2426 2184 factum
2489 2127 2653 2198 erat,

258 2221 605 2288 ediderunt
650 2222 707 2288 J.
749 2222 808 2288 J.
852 2221 1251 2290 Cornelissen
1298 2225 1507 2310 Lugd.
1556 2225 1697 2290 Bat.
1749 2247 1804 2290 a.
1860 2225 2055 2303 1882,
2086 2217 2289 2293 Ἀθῑη.
2338 2209 2656 2292 Baehrens

260 2325 525 2410 Lipsiae
588 2349 642 2393 a.
716 2328 909 2406 1886,
983 2332 1095 2414 qui
1158 2350 1307 2394 cum
1370 2328 1646 2395 aliorum
1709 2336 1853 2395 tum
1915 2333 2049 2396 suis
2106 2332 2656 2397 emendationibus

261 2453 540 2500 manum
600 2438 923 2520 scriptoris
969 2439 1212 2520 passim
1260 2439 1519 2522 egregie
1565 2439 1870 2502 restituit.
1919 2437 2164 2502 Paucos
2212 2437 2380 2503 locos
2429 2438 2653 2504 deinde

262 2541 641 2608 emendavit
698 2540 759 2609 J.
820 2562 947 2607 van
1008 2541 1119 2607 der
1165 2540 1339 2608 Vliet
1401 2565 1464 2608 v.
1515 2540 1593 2607 cl.
1656 2545 1725 2608 in
1773 2541 2228 2629 Mnemosynes
2275 2542 2355 2607 N.
2406 2542 2472 2608 S.
2493 2534 2648 2609 'voL

263 2643 476 2725 XVII,
542 2648 620 2712 de
671 2646 966 2734 pluribus
1014 2649 1194 2713 docte
1243 2654 1307 2713 et
1353 2651 1681 2735 ingeniose
1730 2648 2086 2734 disputavit
2132 2649 2304 2735 Aug.
2353 2648 2394 2714 J
2395 2670 2451 2713 0.
2498 2649 2658 2714 Kro-

192 2772 203 2782 ·
258 2754 552 2839 nenberg
610 2757 681 2817 in
740 2756 1087 2839 specimine
1145 2753 1459 2819 litterario
1527 2754 1737 2841 Lugd.
1803 2755 1945 2820 Bat.
2013 2776 2069 2819 a.
2121 2754 2294 2820 1889
2360 2756 2529 2821 edito
2591 2760 2659 2821 et

263 2856 544 2926 defenso.
612 2860 735 2925 His
794 2860 1097 2927 subsidiis
1157 2881 1311 2927 usus
1374 2882 1579 2945 quum
1637 2880 1842 2946 nuper
1908 2861 2264 2948 relegerem
2294 2860 2655 2929 ,Octavium

263 2961 656 3048 deprehendi
692 2965 1034 3031 nonnullos
1073 2965 1242 3033 locos
1282 2956 1583 3044 vitiosoe,
1624 2969 1738 3052 qui
1774 2967 1850 3032 ab
1889 2966 2024 3031 illis
2059 2969 2216 3033 viris
2242 2973 2355 3031 aut
2378 2967 2659 3053 neglecti

265 3074 413 3146 aut,
483 3076 559 3135 ut
605 3071 785 3155 „mihi
849 3072 1110 3155 quidem
1170 3071 1449 3148 videtur,
1515 3072 1804 3137 nondum
1866 3078 2034 3138 recte
2097 3073 2418 3137 emendati
2482 3079 2652 3138 sunt.

263 3171 495 3259 Itaque
558 3179 865 3260 experiar,
932 3180 986 3241 si
1049 3179 1390 3263 egregium
1450 3176 1744 3242 libellum
1806 3176 2048 3263 aliquot
2111 3180 2329 3245 naevis
2383 3172 2652 3243 liberare

268 3299 535 3361 possim.

358 3515 413 3559 c.
466 3493 528 3572 3,
556 3494 618 3559 4.
682 3497 898 3559 een-sim
954 3497 1157 3582 itaque
1210 3498 1653 3583 tranquilleque
1688 3498 1996 3578 proyresei
2043 3520 2204 3560 oram
2251 3497 2420 3560 curvi
2463 3496 2661 3560 molbi-

270 3603 359 3659 τεν
420 3601 623 3663 litoris
684 3602 801 3665 iter
847 3603 1100 3687 sabulis
1142 3602 1524 3689 fallentibus
1580 3603 1926 3684 leyebamw.
1977 3602 2267 3668 Minucio
2313 3602 2468 3668 haec
2513 3605 2660 3667 scri-

267 3700 447 3769 benti
510 3709 578 3769 in
648 3713 863 3772 mente
925 3708 1125 3773 fuisse
1184 3708 1486 3775 videntur
1548 3708 1822 3794 Vergilii
1883 3710 2079 3775 verba
2138 3706 2372 3795 Georg.
2435 3708 2516 3773 H.
2566 3707 2654 3772 44

257 3808 449 3886 primi
520 3810 645 3892 leffe
714 3812 916 3876 bitorie
980 3836 1173 3892 oram,
1239 3814 1305 3879 et
1368 3831 1586 3879 omnes
1650 3815 1932 3879 sciebant
1993 3814 2148 3899 quid
2209 3819 2376 3879 esset
2440 3812 2654 3899 legere

267 3931 442 3981 oram
492 3916 598 3983 vel
644 3916 833 3983 litora
878 3918 983 3984 vel
1026 3918 1235 3985 litoris
1284 3941 1480 3985 oram.
1530 3919 1654 3985 Sed
1701 3940 1889 3985 nemo
1936 3940 2223 4005 unquam
2260 3919 2425 3984 dixit
2462 3920 2656 4000 leym-e

268 4015 402 4098 iter,
451 4026 567 4087 aut
613 4024 668 4085 si
716 4026 859 4107 quis
906 4024 1070 4089 dixit
1115 4026 1309 4091 verbo
1356 4024 1629 4110 legendi,
1659 4025 1893 4090 tribuit
1942 4028 2078 4091 vim
2126 4024 2405 4111 eligendi
2425 4073 2440 4101 ,
2490 4043 2652 4109 quae

270 4122 345 4189 ab
390 4128 510 4193 hoc
558 4127 695 4193 loco
742 4128 950 4194 aliena
996 4134 1112 4197 est.
1160 4131 1336 4218 Ergo
1384 4131 1503 4195 iter
1549 4128 1855 4196 deleatur.

358 4364 413 4408 c.
460 4341 521 4422 ¹7,
550 4344 613 4410 2.
656 4345 867 4440 Specta
906 4348 981 4410 de
1018 4347 1194 4411 libris
1230 4348 1593 4426 memoriam,
1629 4347 1699 4413 id
1735 4352 1867 4413 est:
1909 4348 2221 4415 librorum
2249 4353 2651 4429 memoriam,

274 4449 347 4508 ut
391 4449 609 4517 docuit
657 4451 746 4517 Io.
797 4450 901 4519 Fr.
954 4450 1319 4519 Gronovius
1365 4454 1434 4517 in
1479 4452 1770 4520 Diatribe
1815 4452 1976 4519 stat.
2028 4475 2081 4520 c.
2134 4453 2241 4521 56.
2291 4456 2370 4521 cf.
2413 4455 2653 4521 Handii
