3351 5463
649 337 778 403 336
1585 353 2086 403 Ams'rormns.

735 518 843 584 Vs.
895 518 1044 584 122.
1106 516 1296 584 Viam
1358 517 1437 584 ad
1496 518 1733 583 inferos
1797 517 1875 582 ab
1938 516 2216 583 Hercule
2264 518 2814 597 commendatam,
2865 539 3027 604 quae

646 625 720 690 fit
782 625 909 690 ἀπὸ
970 623 1144 689 κάλω
1206 623 1313 688 καὶ
1378 626 1644 702 θρανίου,
1711 622 2040 709 Dionysus
2101 623 2256 688 dicit
2324 624 2650 705 πνιγηραν,
2716 625 3026 712 ambiguo

646 730 960 797 adiectivo
1022 750 1177 795 usus
1195 777 1211 806 ‚
1279 727 1448 814 quod
1494 733 1561 794 et
1607 733 1858 793 aestum
1903 729 2221 794 torridum
2267 734 2334 795 et
2377 729 2684 816 laqueum
2730 730 3032 797 suffocan-

643 843 786 902 tem·
839 839 1050 921 potest
1107 834 1406 899 indicare.
1469 833 1677 914 Quem
1738 836 1955 898 iocum
2017 833 2256 900 scholia
2312 837 2406 900 ita
2469 835 2834 902 illustrant:
2883 837 3030 914 πρὸς

645 940 749 1007 τὸν
797 941 1066 1019 πνιγμὸν
1112 948 1225 1013 τῆς
1274 937 1559 1024 ἀγχόνης
1608 937 1712 1002 κα)
1757 935 1954 1018 ὥσπερ
1998 940 2130 1003 ὁδοῦ
2171 940 2639 1017 καυματώδους.
2687 941 3032 1026 Perspicua

644 1049 800 1114 haec
818 1095 835 1124 ,
899 1067 1061 1132 quae
1126 1044 1301 1110 solus
1362 1045 1555 1110 habet
1598 1043 1690 1122 V:
1739 1049 2064 1130 praeterea
2107 1066 2261 1110 vero
2307 1048 2376 1109 in
2423 1045 2680 1113 scholiis
2726 1047 2882 1111 haec
2929 1066 3036 1110 ex-

645 1157 817 1219 tant:
884 1150 1025 1228 ἅμα
1087 1152 1201 1229 μὲν
1267 1150 1406 1214 ἀντὶ
1469 1155 1578 1215 τοῦ
1646 1150 1866 1229 θερμήν
1915 1187 2000 1199 —
2049 1150 2311 1229 πνιγεὺς
2373 1152 2502 1231 γὰρ
2555 1155 2589 1228 ἦ
2638 1151 2898 1228 κάμινος
2943 1187 3028 1199 —

648 1255 791 1335 ἅμα
854 1257 915 1322 δὲ
983 1251 1071 1320 ὅτι
1134 1257 1343 1333 πνίγει
1402 1256 1485 1336 τῷ
1533 1254 1726 1336 χρόνῳ
1775 1256 1844 1319 τὸ
1893 1255 2156 1336 σχοινίον
2207 1255 2312 1319 καὶ
2359 1257 2428 1320 τὸ
2479 1256 2730 1336 θρανίον.
2780 1255 3034 1321 Ultima

646 1367 801 1451 quin
862 1365 1157 1447 corrupta
1219 1363 1347 1427 sint
1410 1381 1599 1426 nemo
1661 1360 1981 1426 dubitabit
2042 1363 2154 1445 qui
2201 1363 2551 1446 inspexerit
2594 1361 3036 1427 Rutherfordii

643 1471 1035 1537 versionem:
1101 1467 1253 1545 „the
1314 1465 1508 1532 ehord
1566 1465 1692 1531 and
1752 1467 1861 1531 the
1924 1465 2089 1532 stool
2145 1466 2346 1532 ehoke
2394 1487 2511 1532 one
2557 1467 2632 1553 {f
2665 1466 2845 1548 qiven
2894 1468 3034 1530 time

648 1584 706 1640 to
754 1578 829 1639 do
868 1574 921 1638 it
965 1574 1099 1651 ὑπ”,
1162 1574 1362 1638 iocosi
1409 1574 1584 1637 enim
1628 1571 1876 1656 aliquid
1923 1572 2158 1638 habent
2207 1573 2363 1638 haec
2407 1573 2605 1638 verba
2624 1620 2640 1649 ‚
2691 1572 2863 1658 quod
2907 1574 3035 1657 ipsi

644 1681 1061 1766 Aristophani
1126 1699 1321 1765 quam
1388 1681 1528 1743 eius
1598 1678 1961 1744 scholiastis
2035 1681 2251 1764 aptius
2310 1684 2426 1744 est.
2497 1679 2820 1765 Equidem
2882 1677 3037 1744 licet

648 1791 947 1873 expertus
1007 1785 1187 1871 loqui
1245 1805 1560 1870 nequeam
1579 1833 1595 1862 ,
1662 1784 1932 1850 fidenter
1997 1789 2215 1850 tamen
2259 1786 2572 1851 contendo
2617 1807 2748 1852 non
2795 1787 3036 1850 tamdem

650 1893 979 1978 abiqucmdo
1037 1893 1272 1977 perimi
1318 1893 1583 1957 miseros
1630 1891 1923 1956 homines
1970 1893 2082 1975 qui
2129 1890 2469 1977 suspendio
2517 1894 2726 1958 vitam
2771 1890 3032 1966 finiant,

650 1999 761 2064 sed
806 2000 960 2063 satis
1005 1996 1370 2081 expeditam
1413 1997 1576 2061 hanc
1622 2016 1756 2060 esse
1802 1998 1980 2062 viam
2014 1995 2152 2061 leti.
2193 1995 2360 2076 Quid
2400 1995 2641 2062 multa:
2683 2017 2798 2081 pro
2838 1995 3036 2078 χρόνῳ

650 2103 861 2172 scribe
916 2102 966 2180 β
982 2126 1011 2183 ρ
1026 2102 1058 2167 ό
1074 2125 1125 2181 χ
1144 2128 1185 2183 ῳ
1250 2106 1315 2166 et
1360 2102 1623 2167 habebis
1673 2138 1760 2150 —
1808 2122 1934 2166 non
1979 2104 2366 2168 sententiam
2413 2102 2738 2189 eleganter
2783 2105 3040 2168 enunci-

650 2215 824 2276 atam
842 2257 860 2287 ‚
908 2209 1016 2273 sed
1064 2212 1282 2273 tamen
1326 2206 1492 2272 clare
1538 2207 1870 2292 apparebit
1918 2207 2072 2293 quid
2118 2214 2586 2274 commentator
2629 2208 2933 2274 voluerit.

741 2422 843 2487 Ad
901 2442 999 2487 vs.
1049 2418 1180 2487 297
1243 2423 1314 2485 111
1375 2419 1614 2485 scholio
1661 2417 1718 2483 V
1765 2421 2095 2505 quaeritur
2149 2419 2469 2504 quomodo
2516 2421 2595 2487 ad
2642 2421 3039 2488 sacerdotem

652 2547 847 2594 suum
864 2577 880 2610 ,
946 2529 1015 2590 in
1078 2529 1289 2612 primo
1352 2525 1571 2590 ordine
1617 2529 2052 2610 spectatorum
2096 2525 2256 2616 loco·
2281 2526 2778 2592 honoratissimo
2825 2527 3041 2592 seden-

649 2639 784 2699 tem
801 2681 817 2712 ‚
887 2634 1388 2718 appropinquare
1442 2633 1646 2716 possit
1693 2629 2020 2717 Dionysus
2068 2636 2134 2697 et
2179 2631 2391 2697 verbis
2439 2633 2594 2710 ἱερεῦ
2641 2630 3038 2710 διαφύλαξόν

649 2764 731 2818 με
794 2760 947 2805 eum
1006 2736 1422 2824 compellare:
1486 2736 1730 2801 scilicet
1794 2758 1918 2802 non
1981 2736 2081 2800 ἐπὶ
2130 2742 2238 2802 τοῦ
2287 2739 2533 2815 λογείου
2579 2759 2751 2803 1111110
2794 2741 3040 2804 versari

650 2846 1014 2932 Dionysum
1073 2842 1184 2907 sed
1242 2845 1311 2905 in
1364 2843 1717 2919 orchestra,
1771 2844 1830 2905 ἓν
1881 2838 1918 2923 ᾗ
1963 2842 1990 2906 ὃ
2042 2842 2326 2915 Διόνυσος
2373 2842 2554 2920 ἐνέβη
2604 2844 2712 2907 καὶ
2761 2844 2790 2907 ὃ
2839 2849 3038 2915 πλοῦς

653 2952 1042 3026 ἕπετελεῒτο,
1104 2944 1259 3011 ὥστε
1319 2946 1542 3022 μηκέτι
1607 2947 1825 3024 ὁμοίως
1873 2946 2060 3025 λόγον
2108 2944 2284 3013 εἶναι.
2331 2947 2505 3028 Quae
2552 2950 2826 3014 minime
2872 2970 3043 3034 sper-

650 3055 856 3121 nenda
899 3059 997 3118 est
1039 3052 1373 3139 prudentis
1418 3053 1939 3117 commentatoris
1980 3053 2339 3120 observatio
2360 3101 2376 3130 ‚
2419 3053 2605 3119 modo
2645 3050 2835 3132 λόγον
2873 3053 3042 3119 1111111

649 3164 720 3227 111
764 3159 995 3236 ἄλογον
1039 3158 1148 3225 vel
1196 3155 1425 3222 ἄτοπον
1474 3161 1785 3222 mutetur.

742 3376 852 3451 Ad,
904 3395 1000 3442 vs.
1052 3371 1183 3438 354
1244 3375 1314 3437 in
1374 3358 1435 3436 'R
1494 3372 1706 3438 brevis
1767 3372 2012 3459 leg-itur
2057 3374 2420 3439 annotatio:
2468 3373 2887 3455 Ἀρίσταρχος
2937 3374 3040 3438 ἐπὶ

652 3481 804 3563 (ἀπὸ
844 3480 1194 3558 Fritzsche)
1230 3477 1457 3543 τούτων
1498 3475 1673 3555 λέγει
1716 3476 1819 3542 τὸν
1855 3478 2036 3559 χορὸν
2059 3477 2457 3557 μεμερίσθαι,
2499 3499 2698 3564 quam
2717 3479 3043 3545 Fritzsche

652 3594 717 3655 et
777 3583 1171 3653 Rutherford
1232 3584 1311 3649 ad
1369 3604 1464 3651 vs.
1514 3581 1647 3650 372
1703 3584 1969 3669 trahunt
1984 3632 2002 3662 ‚
2052 3604 2386 3670 perperam
2431 3606 2538 3651 me
2581 3586 2796 3651 iudice
2811 3634 2827 3663 ‚
2875 3588 3043 3651 ratio

653 3697 826 3760 enim
892 3691 1180 3758 habenda
1250 3694 1348 3755 est
1416 3688 1649 3755 codicis
1709 3688 1785 3768 V,
1851 3692 1922 3754 in
1984 3711 2108 3776 quo
2171 3690 2379 3781 multo
2437 3690 2699 3777 long-ius
2760 3696 2857 3757 est
2923 3692 3046 3757 hoc

654 3799 973 3866 scholion:
1039 3798 1451 3876 Ἀρίσταρχος
1510 3794 1609 3859 ἐπὶ
1659 3794 1891 3860 τούτων
1940 3794 2116 3872 λέγει
2161 3796 2265 3860 τὸν
2309 3798 2490 3876 χορὸν
2535 3797 2906 3875 μεμερίσθαι
2955 3798 3045 3869 εἰς

655 3906 878 3985 μερικὰ
939 3902 1342 3979 ἀνάπαιστα,
1406 3899 1583 3965 ἄλλα
1645 3901 1711 3966 δὲ
1772 3901 2148 3978 ἀμείβεσθαι
2213 3899 2316 3965 τὸν
2377 3900 2576 3983 χορόν.
2641 3902 2748 3966 καὶ
2806 3904 2871 3968 τί
2917 3900 3040 3981 ἄρα

656 4009 929 4075 συνεῖδεν
992 4010 1019 4073 ὃ
1082 4007 1529 4088 Ἀρίσταρχος;
1580 4006 1838 4072 δύναται
1892 4005 1958 4070 δὲ
2006 4007 2112 4071 καὶ
2161 4005 2488 4087 ε’νσύζυγον
2535 4003 2688 4072 εἶναι
2740 4008 2810 4072 τὸ
2860 4008 3042 4085 λεγό-

656 4139 855 4194 μενον,
920 4117 1253 4192 πολλαχοῦ
1315 4112 1379 4177 δὲ
1442 4111 1810 4190 μεμερίσθαι
1867 4110 1970 4173 καὶ
2022 4112 2111 4183 εἰς
2159 4112 2434 4191 διχορίαν
2479 4112 2550 4177 τὸ
2597 4115 2833 4192 λοιπὸν,
2881 4112 3040 4179 ὥστε

658 4223 744 4293 εἷς
793 4219 1026 4285 δώδεκα
1071 4218 1175 4283 καὶ
1224 4218 1457 4284 δώδεκα
1506 4216 1996 4295 διαμεμερίσθαι.

746 4326 985 4391 Misere
1044 4326 1198 4391 haec
1256 4330 1408 4389 sunt
1463 4325 1767 4406 corrupta
1783 4369 1800 4398 ,
1863 4319 2082 4386 lucem
2145 4326 2362 4387 tamen
2421 4326 2746 4409 accipiunt
2809 4323 3044 4392 collato

657 4431 897 4498 scholio
960 4431 1040 4495 ad
1099 4451 1192 4498 vs·
1245 4426 1411 4496 372:
1478 4427 1750 4493 ἐντεῦθεν
1799 4426 2211 4508 Ἀρίσταρχος
2261 4427 2552 4503 ὑπενόησε
2599 4430 2690 4505 μὴ
2741 4425 2882 4496 ὅλου
2929 4436 3040 4497 τοῦ

1240 5211 1989 5429 ,Δ
