3351 5463
1179 369 1675 418 Amsrorrtmns.
2495 348 2624 414 201

260 536 439 602 Prave
498 537 659 603 haee
718 539 815 602 ita
880 511 1277 620 scribentur&
1328 535 1700 622 corrigenda
1763 535 1842 600 ad
1893 533 2264 620 exemplum
2309 548 2630 620 praegresss

262 663 453 708 sorum
526 643 595 723 (1.
649 643 691 708 8
740 645 883 728 sq.)‚
950 663 1110 728 quae
1174 644 1267 706 sio
1310 643 1578 707 habent:
1644 642 1748 706 καὶ
1800 640 2006 720 δοῖδυξ
2051 642 2164 718 μὲν
2213 643 2628 718 Ἀττικὸν,

262 749 650 827 ἁλετρίβανος
703 749 767 812 δὲ
820 748 1215 813 Ἀσιανόν.

338 876 421 922 ve.
469 853 626 934 267,
655 855 745 921 24
808 857 885 927 ὥς
948 855 1141 936 οἰκείῳ
1208 855 1314 934 θεῷ
1380 851 1642 934 εὔχεται
1705 861 1818 928 τῆς
1883 857 2214 930 Ἀττικῆς,
2281 853 2386 917 καὶ
2451 851 2626 933 κυρίῳ

256 963 355 1026 τῶν
392 964 451 1026 ἐν
489 963 571 1044 τῷ
618 961 849 1043 θεάτρῳ
896 961 1003 1026 καὶ
1052 967 1172 1025 τῶν
1221 961 1280 1023 ε’ν
1328 969 1407 1042 τῇ
1454 961 1649 1042 εἰρήνῃ
1695 959 2134 1038 ἀγομένων.
2185 957 2347 1040 Quia
2395 957 2631 1036 ἀγομέ-

256 1091 347 1130 νων
412 1089 529 1154 pro
602 1066 1035 1148 πραττομένων
1107 1063 1427 1132 Graecum
1495 1087 1622 1132 non
1693 1071 1824 1144 eet,
1897 1064 2220 1152 probabile
2289 1071 2448 1150 puto
2513 1070 2628 1130 aut

255 1173 529 1260 elapsum
578 1196 713 1241 esee
760 1173 988 1252 ἑορτῶν,
1038 1179 1152 1238 aut
1199 1173 1649 1259 corrigendum
1697 1193 1830 1238 esse
1879 1174 2042 1250 ἀγώ
2064 1196 2152 1235 νω
2173 1195 2222 1236 ν.

330 1301 423 1345 ve.
474 1278 630 1357 270,
660 1281 743 1346 31
811 1281 1019 1365 (τοῦτο
1068 1280 1411 1346 αἰνίττεται
1462 1281 1609 1358 πρὸς
1653 1280 1759 1344 τὸν
1806 1277 2059 1342 Κλέωνα
2105 1277 2270 1357 καὶ)
2319 1273 2410 1342 ὅτι
2457 1277 2627 1354 μετά

258 1387 350 1458 τὴν
412 1388 685 1458 Κλέωνος
732 1388 1030 1460 τελευτὴν
1083 1387 1363 1458 εἰσῆκται
1414 1387 1483 1449 τὸ
1532 1384 1778 1463 δροῖμα·
1829 1383 1936 1460 ἤδη
1989 1385 2115 1463 γὰρ
2163 1382 2468 1454 τεθνήκει·
2521 1384 2628 1463 (ὥς

258 1492 309 1565 δὴ
375 1489 567 1557 αἴτιον
635 1497 741 1558 τοῦ
810 1491 1083 1564 πολέμου
1148 1493 1251 1556 καὶ
1302 1493 1381 1563 ὡς
1432 1492 1618 1556 αὐτὸν
1667 1490 2008 1572 συνέχοντα
2056 1490 2158 1554 τὸν
2209 1490 2500 1568 πόλεμον,
2547 1491 2626 1560 ὦς

259 1598 767 1680 καὶΑΘουκυδίδης
814 1600 1087 1678 ἱστορεῖ.)
1136 1598 1481 1664 Manifeeto
1528 1597 1724 1662 verba
1770 1602 1950 1661 τοῦτο
1992 1633 2076 1645 -
2119 1595 2373 1662 Κλέωνα
2421 1595 2630 1660 deleta

260 1704 471 1769 vocula
516 1706 619 1768 καὶ
668 1708 894 1770 statim
941 1703 1267 1790 iungenda
1314 1709 1466 1768 sunt
1512 1725 1662 1768 oum
1709 1703 1923 1768 verbis
1976 1705 2054 1774 ὦς
2103 1704 2343 1782 ἱστορεῖ.

328 1831 423 1877 vs·
474 1808 625 1889 277,
655 1810 737 1876 51
806 1813 867 1874 ἔν
932 1812 1305 1895 Σαμοθρᾴκῃ
1366 1809 1522 1886 ἦσαν
1571 1811 1835 1874 τελεταί
1880 1833 2076 1888 τινες,
2125 1801 2203 1880 ἀς
2253 1807 2486 1873 ἐδόκουν
2532 1829 2629 1870 τε-

267 1921 477 1980 λεῖσθαι
524 1918 717 1998 πρὸς
764 1916 1265 1996 ἀλεξιφάρμακα
1314 1940 1455 1980 τινα
1504 1891 1800 1980 κινδύνων.
1851 1915 1990 1980 Imo
2039 1917 2156 1986 ὥς.

335 2043 422 2086 ve.
474 2021 741 2102 347,18
787 2023 1047 2108 supple:
1114 2022 1429 2098 στιβάδας
1492 2017 1607 2099 οὖν,
1660 2022 1795 2087 ἐπεὶ
1848 2023 1898 2086 οἱ
1950 2025 2324 2102 στρατιῶται
2376 2041 2624 2100 χαμαι-

271 2133 539 2207 κοιτοῢσι,
589 2131 889 2209 (λέγει).
942 2130 1205 2207 λέγεται
1256 2129 1316 2194 δὲ
1366 2143 1507 2194 κτλ.

340 2233 487 2300 Ibid.
534 2235 580 2299 1.
632 2235 716 2300 34
765 2221 824 2299 ἐν
874 2238 1040 2315 ἀγρῷ
1093 2235 1390 2317 διέτριβεν
1440 2235 1817 2317 (Phormio),
1870 2259 1980 2306 εως
2019 2236 2396 2314 Ἀκαρνανες
2445 2254 2628 2313 στρα-

278 2363 439 2416 τηγον
499 2342 684 2406 αὐτον
749 2343 945 2424 ᾔτουν.
1011 2344 1039 2407 ὅ
1102 2342 1165 2406 δὲ
1219 2345 1339 2421 οὐχ
1391 2342 1731 2420 ὑπήκουσε,
1783 2341 2044 2423 φάσκων
2092 2365 2180 2418 μη
2229 2339 2448 2416 ἕξειναι
2496 2363 2625 2410 τοις

278 2446 512 2523 ἀτίμοις.
578 2448 743 2529 Quid
799 2453 881 2514 iis
944 2471 1069 2514 non
1128 2449 1405 2516 licebat?
1470 2456 1866 2528 στρατηγεῖν,
1917 2453 1994 2512 ut
2039 2448 2328 2514 arbitror.
2400 2446 2624 2531 Itaque

274 2551 383 2616 hoo
416 2555 635 2620 insere.
1492 2546 1495 2548 ’
2095 2632 2098 2635 ,

345 2657 574 2725 Ibidem
616 2660 661 2726 l.
711 2661 793 2726 41
844 2661 1158 2741 μέμνηται
1210 2661 1374 2745 [καὶ]
1425 2660 1759 2741 Στράττις.
1811 2660 1968 2726 Dele
2015 2660 2318 2726 'voculam
2366 2656 2496 2725 καὶ.

347 2786 434 2829 vs·
467 2767 697 2847 ·360‚4
752 2770 860 2848 πρὸ
909 2770 1035 2848 γάρ
1082 2776 1199 2833 τῶν
1248 2768 1856 2847 ε’ξόδωνέξοπλίσεις
1906 2768 2062 2841 τινὲς
2111 2768 2375 2845 ε’γίνοντο
2428 2768 2489 2830 ἔν
2538 2766 2621 2845 τῷ

272 2873 489 2951 Λυκείῳ
546 2874 645 2939 διὰ
708 2876 779 2939 τὸ
840 2878 1255 2956 παρακεῖσθαι
1302 2885 1381 2957 τῇ
1431 2874 1608 2940 πόλει
1656 2875 1790 2939 καὶ
1841 2874 2154 2960 ἀποδείξει
2205 2876 2322 2940 τῶν
2374 2877 2623 2951 μᾶλλον

272 2984 587 3054 πολεμικῶν
632 2981 871 3062 ἀνδρῶν.
920 2981 1305 3067 Intellegam
1356 2980 1469 3045 ἐπ’
1518 2981 1828 3058 ἀποδείξει
1879 2986 1992 3050 aut
2036 2980 2142 3046 καὶ
2193 2979 2560 3057 ἀποδείξεις.

346 3102 435 3147 VS.
484 3083 631 3165 363,
660 3086 743 3153 33
806 3088 1016 3153 πάντα
1069 3084 1165 3153 οὖν
1216 3088 1434 3165 ἀγαθά
1486 3096 1643 3168 φησι
1694 3094 1970 3167 ποιῶν,
2026 3090 2106 3159 ὡς
2154 3086 2276 3168 ἔφη
2326 3086 2430 3151 καὶ
2482 3096 2626 3151 Κιλ-

264 3191 447 3254 λικῶν.
494 3190 632 3258 Imo
679 3191 989 3260 ποιεῖν·

339 3292 497 3359 Ibid.
544 3296 587 3361 1.
637 3297 721 3363 35
787 3299 1105 3379 Θεαγένην
1169 3300 1369 3380 (γὰρ
1416 3298 1647 3379 adde>
1698 3335 1782 3349 -—
1848 3305 2209 3379 κρεοπωλεῒν
2267 3298 2370 3361 καὶ
2435 3293 2620 3369 οὕτως

268 3397 609 3477 ἀπάγειν
662 3405 764 3469 τὸν
815 3407 1032 3471 ἑαυτοῦ
1079 3406 1236 3484 βίον.
1297 3405 1471 3492 Lege
1522 3403 1850 3484 διάγειν.
1918 3405 2089 3469 Tum
2134 3404 2178 3469 1.
2232 3404 2314 3467 41
2344 3424 2434 3487 sq.
2475 3402 2620 3489 lege

265 3509 359 3567 τοῦ
402 3506 467 3569 δὲ
514 3544 596 3555 -
642 3517 995 3590 κρατοῦντος
1048 3516 1183 3595 [τοῦ
1236 3515 1671 3594 Κιλλικῶντος]
1719 3516 1783 3576 et
1826 3512 1999 3577 idem
2045 3532 2280 3577 nomen
2326 3531 2621 3596 expunge

263 3606 302 3670 1.
349 3608 451 3688 50,
500 3618 612 3677 aut
656 3622 895 3705 corrige
944 3619 1173 3685 saltem
1215 3620 1774 3698 Κιλλικῶν<τα>.
1825 3618 2281 3684 Nominativus
2321 3620 2494 3697 enim
2531 3618 2627 3682 ibi

262 3713 560 3782 absurdus
618 3728 726 3787 est.
789 3725 945 3791 Mox
997 3725 1041 3789 l.
1094 3724 1179 3790 49
1233 3726 1679 3802 πυνθανομένου
1724 3726 1882 3797 τινὸς
1931 3721 1968 3789 δ’
1977 3749 2048 3789 τι
2100 3730 2280 3789 τοῦτο
2323 3725 2622 3797 ε’ποίησεν.

260 3815 539 3887 Fortasse
598 3831 1127 3917 typographicam
1187 3835 1429 3897 vitium
1490 3828 1603 3917 pro
1652 3827 1689 3895 δ’
1729 3857 1766 3896 τ
1788 3854 1827 3895 ι.
1876 3830 2121 3897 Deinde
2165 3831 2212 3895 1.
2264 3830 2345 3895 51
2399 3834 2627 3915 Ἀπολ-

262 3924 495 4005 λόδωρος
565 3928 625 3994 δὲ
684 3932 866 4011 ὄνομα
930 3938 1043 4014 μὲν
1108 3940 1277 4017 αὐτῷ
1326 3937 1522 4018 φασὶν
1584 3933 1739 4003 εἶναι
1789 3938 2163 4017 παρωνύμως
2212 3939 2624 4007 Κιλλικῶντα.

260 4026 420 4117 Lege
468 4039 835 4115 παρωνύμως
886 4045 966 4114 (δ
985 4044 1061 4121 ὲ)
1115 4054 1297 4109 Κιλλ.

340 4157 432 4202 vs·
502 4138 763 4219 364,17
832 4145 973 4213 οἶδα
1046 4150 1172 4229 γαρ
1245 4145 1335 4214 ὅτι
1404 4153 1482 4221 ὣς
1544 4156 1777 4229 Ἑρμῆς
1841 4148 2141 4231 ὖπάρχων
2207 4152 2474 4226 ποιήσεις
2539 4176 2622 4229 με

260 4251 677 4323 κληροίῑσαι.
722 4249 857 4317 Imo
902 4256 1454 4349 κληροῦσθαι.

337 4367 427 4411 vs.
495 4349 654 4427 410,
680 4352 783 4432 20,
809 4357 914 4422 21.
986 4360 1141 4425 Dele
1212 4362 1263 4424 οἱ
1326 4361 1635 4441 βάρβαροι
1701 4360 1868 4427 male
1933 4364 2283 4448 repetitum
2345 4367 2410 4427 et
2469 4384 2624 4427 mox

254 4445 292 4511 1.
337 4450 420 4515 24
492 4459 831 4542 transpone
901 4466 927 4528 ὅ
998 4467 1109 4542 μὲν
1181 4468 1308 4547 γοὶρ
1381 4465 1543 4542 ηλιος
1612 4466 1945 4533 Ἀπόλλων
2009 4469 2388 4547 ἔνενόμιστο,
2462 4470 2495 4543 ἦ
2560 4468 2620 4533 δὲ
