3351 5463
664 367 796 433 354
1690 388 2013 434 κΕΡΜΑἸ-Α.

659 550 882 617 eodem
941 551 1131 616 modo
1192 552 1727 636 praepositionem
1773 554 2147 635 usurpatam
2194 554 2447 619 invenio
2495 553 2695 620 Thuc.
2745 554 2827 622 H.
2886 555 3042 636 101,

660 657 774 720 ubi
832 655 1103 721 Seuthes
1160 655 1415 720 Sitalcis
1477 656 1712 720 dicitur
1777 654 2154 738 ἀδελφιδοῦς
2204 658 2308 722 καὶ
2356 659 2611 738 μέγ-ιςον
2660 663 2806 738 μετ’
2854 663 3046 728 αὐτὸν

662 760 1012 836 δυνάμενος.

750 866 1017 931 XXXV.
1091 865 1247 931 Ibid.
1295 863 1379 930 II.
1428 865 1490 930 3.
1520 866 1641 931 32:
1691 866 1954 946 ταχθεὶς
2000 867 2325 934 ἀνελέσθαι
2374 868 2518 934 ὑπὸ
2567 877 2712 936 τῶν
2762 894 3050 951 ςρατη-

660 977 811 1050 γῶν
859 972 999 1043 τοὺς
1047 969 1462 1042 καταδύντας.
1510 969 1667 1036 Dele
1713 971 1882 1036 illud
1922 973 2034 1037 ὑπὸ
2075 979 2193 1038 τῶν
2231 982 2590 1054 ςρατηγῶν·
2632 977 3043 1064 interpolatio

660 1079 958 1161 arguitur
1000 1076 1401 1141 incommoda
1448 1076 1613 1140 sede.

748 1180 1051 1246 XXXVI.
1122 1181 1356 1246 Itidem
1414 1180 1939 1266 interpolationes
2000 1182 2224 1247 odoror
2274 1183 2430 1250 ibid.
2479 1183 2566 1249 II.
2619 1184 2681 1250 3.
2711 1185 2834 1250 35:
2883 1187 3040 1266 Φησὶ

659 1286 785 1366 γάρ
847 1310 929 1363 με
988 1287 1128 1357 τοὺς
1193 1288 1537 1364 ςρατηγοῦς
1587 1287 1951 1352 ἀποκτεῖναι
2003 1291 2687 1375 [κατηγοροῦντα]
2737 1298 2802 1357 et
2847 1311 3040 1358 mox:

660 1397 870 1457 ἐκεῖνοι
927 1389 1177 1472 ἔφασαν
1240 1392 1737 1471 arpos-auxumam
1787 1393 1940 1474 [ὑφ’
1989 1392 2324 1477 ἑαυτῶν]
2370 1396 2476 1459 οῦκ
2523 1395 2849 1461 ἀνελέσθαι
2900 1398 3042 1470 τοὺς

660 1495 1101 1577 δυςυχοῦντας.
1172 1497 1505 1562 Praeterea
1571 1496 1859 1562 multum
1932 1497 2224 1563 dubitare
2293 1499 2517 1577 didici,
2591 1504 3044 1586 usurparintne

662 1600 890 1668 Graeci
932 1606 1001 1665 in
1046 1601 1166 1666 tali'
1207 1623 1275 1666 re
1322 1601 1700 1667 reflexivum
1746 1623 2094 1686 pronomen
2141 1604 2391 1670 ἑαυτῶν.

746 1706 1077 1771 XXXVII.
1145 1706 1316 1772 Leve
1385 1713 1481 1772 est
1548 1707 1717 1792 quod
1787 1706 2081 1793 displicet
2148 1709 2301 1772 ibid.
2376 1708 2458 1774 H.
2531 1710 2592 1774 3.
2621 1708 2728 1775 51.
2801 1708 3060 1780 Critiae.

656 1812 849 1877 verba
908 1818 1092 1876 sunt:
1158 1813 1278 1889 ἐγὼ
1338 1807 1458 1890 οὖν,
1522 1809 1675 1891 ἔφη,
1743 1812 2100 1891 Θηραμένην
2162 1813 2394 1878 τουτον)
2448 1813 2766 1896 ἐξαλείφω
2814 1818 2883 1881 ἐκ
2931 1821 3039 1882 τοῦ

660 1916 1021 1994 καταλόγου
1092 1916 1408 1983 συνδοκοῦν
1474 1914 1713 1981 ἅπασιν
1785 1922 1950 1993 ἡμῖν.
2023 1917 2157 1982 καὶ
2227 1923 2543 1998 τοῦτον,
2615 1919 2778 2001 ἔφη,
2854 1924 3038 2000 ἡμεῖς

658 2025 1059 2100 θανατοῦμεν.
1117 2022 1326 2088 Malo:
1378 2019 1542 2106 κᾷθ’
1588 2019 1865 2093 οὕτως.
2547 2059 2556 2066 ·

746 2126 1113 2192 XXXVIII.
1185 2127 1344 2192 Ibid.
1394 2127 1477 2192 Il.
1528 2125 1588 2191 3.
1624 2125 1709 2190 56
1757 2125 2115 2212 Xenophon
2161 2148 2310 2193 cum
2357 2128 2775 2195 admiratione
2819 2131 3044 2196 scribit

658 2233 1117 2299 Theramenem
1163 2238 1268 2298 τοῦ
1318 2232 1580 2296 θανάτου
1628 2233 2044 2312 παρεςηκότος
2095 2233 2255 2310 μήτε
2303 2233 2373 2298 τὸ
2420 2235 2709 2313 φρόνιμον
2756 2235 2921 2311 μήτε
2969 2238 3040 2301 τὸ

658 2338 945 2418 Φρόνιμον
1008 2340 1170 2413 μήτε
1232 2340 1301 2402 τὸ
1363 2339 1734 2416 παιγνιῶδες
1795 2341 2246 2403 ἀπολιπεῖν
2309 2339 2376 2402 ἐκ
2441 2347 2553 2413 τῆς
2606 2345 2848 2420 ψυχῆς.
2913 2342 3042 2406 Ad-

658 2448 897 2510 sentior
933 2444 1333 2508 Hartmanno
1374 2465 1502 2508 non
1540 2443 1766 2508 debere
1799 2443 1950 2508 ferri
1971 2442 2139 2507 illud
2162 2445 2517 2508 ἀπολιπεῖν.
2559 2445 3041 2512 Audebimusne

657 2550 1067 2634 Xenophonti
1104 2549 1437 2615 obtrudere
1470 2549 1867 2613 infinitivum
1906 2549 1949 2612 ὦ
1967 2571 2015 2611 π
2034 2572 2062 2612 ο
2081 2547 2204 2612 δικ
2222 2573 2248 2612 ε
2267 2546 2380 2612 Tu?
2417 2548 2736 2633 Exspecto
2762 2550 3040 2616 aliorum

657 2655 911 2720 iudicia.
1210 2720 1217 2728 ,
2987 2707 2999 2717 .

748 2760 1059 2824 XXXIX.
1129 2760 1290 2825 Ibid.
1354 2758 1469 2823 III.
1537 2760 1596 2824 l.
1626 2759 1666 2823 3
1729 2756 1958 2823 Asiani
2018 2752 2318 2845 Spartam
2377 2758 2624 2845 legatos
2687 2763 3038 2838 miserunt,

657 2868 769 2950 qui
830 2871 1129 2950 rogarent
1188 2873 1264 2929 ut
1325 2864 1806 2929 Lacedaemonii
1865 2866 1970 2929 sui
2030 2885 2280 2949 quoque
2339 2884 2562 2929 curam
2607 2868 3038 2950 susciperent:

660 2970 1098 3047 ἐπιμεληθῆναι
1138 2969 1243 3033 καὶ
1285 2974 1456 3048 σφῶν
1498 2974 1637 3031 τῶν
1680 2972 1755 3032 ἐν
1801 2978 1893 3049 τῇ
1942 2969 2173 3051 Ἀσία
2219 2969 2640 3042 Ἑλλήνων.
2686 2970 3038 3035 Postremis

655 3076 868 3140 verbis
914 3074 1098 3139 facile
1146 3074 1519 3139 carebimus.
1662 3068 1665 3073 ’

744 3180 883 3244 XL.
957 3179 1113 3245 Ibid.
1176 3179 1289 3243 III.
1347 3180 1405 3244 1.
1432 3179 1471 3243 9
1536 3183 1632 3243 est
1679 3178 1846 3263 quod
1893 3180 2204 3242 miremur
2248 3180 2554 3242 iniuriam
2601 3199 2760 3262 quae
2805 3177 3042 3265 Dercy-

596 3346 603 3351 .
653 3286 820 3350 lidae
883 3285 1046 3349 facta
1107 3291 1204 3350 est
1267 3305 1391 3368 quo
1451 3290 1735 3368 tempore
1800 3283 2014 3369 Abydi
2060 3283 2388 3346 harmosta
2434 3289 2587 3347 erat.
2652 3285 3035 3362 Διαβληθεὶς

586 3420 595 3427 ·
657 3392 771 3456 ὑπὸ
821 3388 1230 3471 Φαρναβάζου
1279 3389 1462 3463 ἐτάθη
1512 3392 1620 3461 τὴν
1665 3388 1909 3483 pica-130⁶
1959 3385 2140 3467 ἔχων,
2194 3379 2222 3449 ὃ
2274 3385 2441 3451 δοκεῖ
2481 3388 2653 3462 κηλὶς
2705 3384 2858 3451 εἶναι
2907 3396 3033 3460 τοῖς

655 3497 1001 3566 σπουδαίοις
1050 3494 1571 3570 Λακεδαιμονίων.
1622 3492 1897 3570 ἀταξίας
1947 3492 2071 3569 γαρ
2122 3490 2576 3571 {nalal-edict.
2623 3492 2822 3557 Mitto
2868 3514 3035 3558 nunc

652 3622 884 3685 parum
944 3604 1110 3663 recte
1172 3601 1275 3663 hic
1335 3603 1720 3682 usurpatum
1767 3596 1962 3662 fuisse
2007 3600 2340 3681 passivum
2385 3600 2696 3661 aoristum
2744 3599 2999 3669 ςαθῆναι
3018 3618 3032 3635 ·

654 3705 765 3769 sed
823 3703 1195 3768 incredibile
1256 3724 1493 3787 poenae
1551 3724 1756 3788 genus
1818 3707 1915 3766 est
1932 3749 1949 3778 ‚
2018 3722 2143 3786 quo
2203 3704 2540 3787 gregarius
2603 3700 2791 3766 miles
2840 3701 3036 3787 plecti

652 3811 903 3892 potuit,
966 3829 1091 3871 non
1152 3810 1369 3892 potuit
1427 3810 1483 3871 is
1547 3810 1660 3891 qui
1722 3827 1873 3871 cum
1936 3809 2208 3891 imperio
2273 3811 2426 3870 erat.
2493 3805 2837 3871 Videamus
2884 3808 3037 3891 quid

652 3915 780 3976 viri
827 3913 997 3976 docti
1041 3911 1301 3975 afferant
1350 3916 1423 3973 ut
1468 3932 1604 3975 rem
1650 3910 2012 3975 illustrent:
2067 3910 2248 3985 „Den
2294 3910 2512 3975 Schild
2561 3910 2781 3997 trug’',
2831 3918 2907 3975 ut
2946 3914 3037 3975 ait

653 4015 1175 4079 Breitenbachius
1191 4062 1207 4093 ‚
1252 4034 1512 4091 „ausser
1545 4016 1614 4078 in
1654 4015 1764 4078 der
1802 4011 2228 4097 eigentlichen
2267 4012 2597 4092 Schlacht,
2641 4014 2749 4079 der
2789 4013 3036 4079 Offizier

651 4120 831 4183 nicht
876 4106 1073 4184 selbst
1091 4166 1107 4195 ,
1158 4118 1423 4183 sondern
1468 4121 1603 4183 sein
1648 4116 2106 4203 Schildtrager.
2153 4116 2228 4179 In
2276 4118 2420 4183 dem
2468 4119 2704 4183 Stehen
2742 4120 2852 4181 mit
2890 4119 3033 4183 dem

652 4222 906 4288 Schilde
950 4223 1196 4287 scheint
1236 4222 1394 4286 allso
1433 4222 1533 4311 die
1570 4222 1779 4287 Strafe
1817 4241 1897 4283 zu
1932 4219 2146 4303 liegen
2184 4222 2288 4285 fiir
2313 4222 2412 4286 die
2439 4221 2746 4297 ἄταξία.”
2791 4224 3002 4287 Audio
3017 4243 3032 4301 ;

654 4326 824 4411 apud
869 4348 983 4391 nos
1030 4348 1279 4411 quoque
1325 4327 1567 4391 milites
1612 4324 1941 4389 interdum
1986 4346 2100 4408 pro
2149 4347 2351 4410 poena
2398 4330 2466 4390 in
2511 4331 2708 4393 armis
2753 4350 3037 4394 exercen-

653 4438 761 4496 tur
778 4451 792 4506 ;
842 4430 953 4495 sed
993 4451 1072 4494 ne
1114 4434 1183 4494 in
1229 4434 1627 4496 centuriones
1674 4428 1934 4514 quidem
1982 4450 2054 4495 ea
2099 4451 2300 4513 poena
2347 4432 2534 4499 cadit.
2609 4432 3036 4501 Credemusne
