3351 5463
778 994 925 1083 AD
985 994 1387 1085 GORPUS
1446 993 2322 1106 INSORIPTIONUM,
2346 992 3032 1083 RHODIARUM.

1783 1215 2032 1257 sompsn·

1534 1383 1621 1448 Η.
1669 1381 1848 1449 VAN
1893 1381 2258 1450 GELDER.

1395 1533 1872 1612 (Continuanbar
1917 1558 1990 1598 ec·
2021 1558 2170 1618 paq.
2225 1533 2400 1618 1982)

1721 1826 2048 1861 —<><><>——

1772 2089 1780 2098 .
1865 2075 1937 2152 β.

1016 2240 1437 2324 ascriptiones
1485 2260 1564 2304 ex
1609 2238 1843 2306 insulis
1890 2240 2287 2307 Rhodiorum
2334 2239 2450 2322 (N0
2498 2238 2794 2322 27—45)

1753 2422 2050 2472 mamm.

1846 2554 1954 2623 27.

794 2695 1095 2782 Megiste,
1134 2697 1301 2761 inter
1338 2695 1565 2761 rudera
1602 2697 1765 2761 arcis
1805 2698 2124 2781 antiquae.
2165 2695 2242 2761 In
2281 2697 2416 2761 basi
2455 2696 2701 2761 donarii
2733 2695 3099 2762 cuiusdam.

796 2801 957 2867 Ross
1003 2801 1345 2867 Hellenika
1387 2801 1420 2866 I
1471 2801 1531 2880 1,
1586 2801 1781 2881 1846,
1835 2801 1941 2881 67,
1977 2803 2079 2868 10.

755 2952 794 3017 5
983 2952 1362 3017 Ἐπισταὶτοιι
1406 2954 1417 3037 Ι
1460 2953 1770 3033 Αἰσχίνως
1810 2953 1817 3038 Ι
1853 2953 2146 3034 Διαίνδρου
2179 2952 2186 3039 Ι
2217 2943 2648 3034 Tenba-harae
2678 2955 2704 3036 ΙΙ
2731 2952 3100 3033 Εὐκράτευς

892 3057 1243 3122 Ἀπόλλωνι
1291 3066 1624 3136 Μεγιστεῖ.

798 3208 873 3273 In
934 3212 1364 3295 suspicionem
1424 3210 1653 3275 incidit
1700 3210 1861 3275 Ross
1883 3258 1898 3287 ,
1952 3209 2090 3281 τοὺς
2145 3208 2496 3283 ἐπιστάτας
2549 3210 2667 3276 hoc
2717 3210 2910 3275 titulo
2957 3209 3105 3275 lau-

706 3315 884 3380 datos
925 3314 1167 3401 templo
1209 3318 1604 3400 praepositos
1642 3316 1838 3381 fuisse
1864 3316 2185 3402 Apollinis
2208 3316 2643 3403 Megistensis.
2693 3316 3106 3382 Huiusmodi

709 3421 1047 3484 ἕπισταὲται
1105 3424 1172 3484 in
1218 3420 1398 3485 nulla
1444 3427 1623 3506 parte
1666 3419 1970 3488 Graeciae
2018 3423 2279 3487 deerant
2325 3423 2430 3502 (cf.
2478 3444 2538 3488 v.
2570 3444 2622 3487 c.
2673 3421 2723 3486 Ι.
2750 3418 2829 3487 G.
2878 3421 3009 3485 Ins.
3070 3421 3106 3485 I

709 3523 859 3603 731,
893 3526 964 3605 1;
1016 3524 1169 3603 890,
1200 3526 1320 3604 14;
1372 3525 1443 3592 Ο.
1468 3526 1519 3591 Ι.
1546 3528 1622 3591 Α.
1672 3526 1736 3591 II
1785 3525 2229 3593 32A=G.1.
2258 3525 2338 3594 G.
2385 3525 2505 3606 76;
2557 3527 2810 3594 G.1.A.
2849 3526 2912 3590 II
2953 3525 3102 3592 322

704 3656 785 3681 =
824 3628 894 3697 O.
922 3628 1079 3697 I.G.
1135 3629 1263 3694 160
1287 3651 1304 3708 ;
1373 3628 1453 3731 Ο..
1471 3630 1521 3696 Ι.
1549 3628 1627 3697 G.
1699 3630 1924 3713 2266),
1985 3637 2062 3695 ut
2123 3635 2392 3697 minime
2459 3632 2727 3697 absurda
2774 3634 2860 3696 sit
2904 3631 3106 3696 Rossi

703 3738 917 3820 opinio
936 3783 952 3814 ,
1002 3757 1117 3802 nec
1163 3736 1357 3821 digna
1404 3757 1598 3822 quam
1645 3737 1822 3802 duris
1860 3740 2073 3803 verbis
2113 3741 2531 3803 insectaretur
2567 3737 2888 3802 Holleaux
2913 3736 3105 3802 Bull.

702 3839 877 3904 Hell.
928 3840 1112 3906 XVII
1161 3840 1356 3919 1893,
1408 3840 1514 3920 53,
1564 3863 1707 3906 ann.
1762 3842 1820 3907 1.
1871 3841 2301 3908 Verisimilius
2345 3848 2562 3908 tamen
2601 3841 2714 3907 ille
2753 3842 3109 3907 coniecisse

702 3944 978 4024 videtur,
1028 3947 1145 4011 hoc
1189 3946 1331 4012 loco
1378 3948 1724 4019 ἐπιστάτας
1774 3948 2026 4013 eosdem
2076 3951 2379 4035 spectari,
2432 3969 2589 4033 quos
2637 3950 2870 4013 caeteri
2905 3947 3109 4012 tituli

704 4049 1130 4136 Megistenses
1182 4050 1335 4131 (Tit.
1382 4053 1471 4117 Νο
1519 4050 1665 4130 27a,
1718 4052 1825 4130 28,
1875 4052 2010 4133 29),
2076 4074 2233 4138 quos
2281 4044 2396 4118 alii
2437 4051 2616 4118 tituli
2661 4053 2961 4117 exhibent
3013 4053 3107 4118 ad

697 4176 799 4220 res
867 4155 1269 4222 Rhodiorum
1336 4159 1726 4242 pertinentes
1799 4156 1953 4236 (Tit.
2020 4158 2110 4222 N⁰
2180 4157 2283 4235 19,
2331 4156 2450 4235 13;
2521 4155 2650 4222 Tit.
2713 4157 2773 4221 N
2780 4160 2806 4200 ⁰
2868 4154 2976 4234 26,
3017 4156 3103 4236 ”7;

701 4262 752 4330 Ι.
781 4260 861 4329 G.
900 4262 1027 4328 Ins.
1068 4263 1101 4328 I
1141 4263 1293 4340 844,
1322 4264 1444 4342 29;
1488 4265 1671 4330 Mitt.
1713 4265 1819 4329 des
1859 4263 2011 4328 Ath.
2053 4264 2209 4328 Inst.
2246 4264 2341 4328 XI
2368 4261 2562 4340 1886,
2596 4262 2722 4328 115
2749 4285 2881 4349 sqq.
2905 4262 2999 4329 ΝΟ
3031 4263 3102 4341 3,

706 4391 803 4434 vs.
853 4368 945 4454 4).
992 4368 1087 4434 De
1134 4371 1367 4455 quibus
1413 4369 1506 4435 1.1.
1557 4376 1698 4450 (nec
1743 4391 1869 4434 non
1917 4369 2090 4433 Bull.
2135 4369 2307 4435 Hell.
2359 4368 2576 4434 XVIII
2620 4368 2812 4447 1894,
2857 4367 2994 4433 394
3019 4370 3104 4450 f.)

699 4478 951 4561 copiose
1026 4482 1089 4541 et
1163 4475 1491 4563 eleganter
1567 4477 1923 4562 disputavit
1990 4478 2094 4540 vir
2163 4475 2589 4541 doctissimus.
2660 4474 3103 4563 Magistratus
