3351 5463
1034 338 1426 389 nnonnsronn
1471 340 1903 391 r1s1s'rnA'rnA.
2526 326 2661 417 423

273 503 490 571 solum
534 503 839 569 relictum
886 507 1202 588 quantum
1247 506 1645 569 auctoritatis
1693 505 1924 570 habeat
1969 505 2147 571 videt
2197 509 2483 591 quisque.
2558 507 2661 571 An

275 610 469 675 fidem
532 610 844 675 habemus
904 610 1236 675 certamini
1297 608 1554 694 publico
1619 609 1790 694 quod
1847 610 1940 680 ibi
1985 610 2399 677 venditatur?
2468 612 2557 677 At
2602 615 2659 677 is

277 717 388 801 qui
435 713 592 781 talia
637 714 858 791 finxit,
908 714 1132 799 quidni
1177 712 1432 778 finxerit
1479 713 1605 779 alia
1650 736 1921 801 quoque,
1971 719 2345 802 praesertim
2386 739 2663 803 quorum

277 842 464 887 nemo
526 822 710 886 testis
771 821 1058 885 extiterit
1119 824 1263 885 ante
1309 816 1501 884 eum?
1533 820 1785 905 1Neque
1832 821 2113 905 profecto
2161 824 2288 887 viri
2334 822 2504 887 docti
2551 825 2666 907 qui

276 926 421 992 inde
461 947 501 991 a
539 924 776 991 saeculi
815 926 1162 1009 superioris
1204 927 1382 989 exitu
1423 923 1608 989 illam
1647 926 2250 1013 redintegraverunt
2289 927 2681 1007 doctrinam,’

276 1035 440 1098 inter
487 1053 644 1117 quos
685 1034 935 1117 primus
983 1030 1056 1095 F.
1095 1031 1172 1095 A.
1214 1029 1394 1096 Wolf
1431 1052 1496 1096 v,
1523 1031 1582 1095 d.
1633 1052 1775 1097 eam
1814 1032 2246 1098 demonstrare
2292 1039 2357 1098 et
2402 1035 2666 1119 probare

279 1142 540 1205 conatus
587 1142 720 1215 est,
781 1140 850 1203 in
877 1118 1040 1201 'eam
1087 1138 1566 1222 cogitationem·
1591 1137 1996 1215 incidissent,
2046 1140 2174 1203 nisi
2220 1140 2346 1204 huc
2389 1139 2671 1205 rettulis-

277 1249 413 1317 sent
453 1242 671 1309 locum
712 1242 964 1328 Iosephi
1006 1247 1224 1307 contra
1264 1243 1577 1327 Apionem
1610 1242 1678 1321 ¹),
1735 1264 1859 1328 quo
1899 1244 2205 1309 discimus
2243 1244 2409 1309 nihil
2446 1247 2670 1331 scripti

279 1348 612 1432 reliquisse
660 1346 1038 1414 Homerum.
1089 1346 1190 1413 Ex
1234 1347 1356 1411 hoc
1403 1345 1542 1413 loco
1591 1347 1931 1413 effecerunt
1974 1348 2076 1413 illi
2122 1353 2337 1415 omnia
2383 1371 2544 1435 quae
2591 1351 2669 1417 de

277 1454 666 1519 carminibus
704 1455 898 1538 epicis
940 1451 1222 1519 collectis
1254 1450 1359 1518 vel
1398 1451 1753 1518 recollectis
1792 1453 2135 1519 traduntur
2172 1457 2265 1521 ita
2305 1457 2669 1541 accipienda
2724 1540 2729 1543 Ι

275 1578 406 1624 esse
454 1564 531 1623 ut
577 1557 776 1623 simul
819 1557 1332 1644 significarentur
1377 1560 1614 1643 scripto
1657 1564 1801 1624 tum
1842 1562 2127 1645 primum
2169 1582 2305 1627 esse
2343 1562 2663 1640 mandata.

273 1663 470 1731 Nullo
533 1666 675 1730 iure
739 1667 974 1729 tamen.
1047 1663 1215 1729 Nam
1280 1668 1342 1728 et
1403 1664 1558 1728 haec
1621 1668 1687 1729 et
1748 1686 1907 1750 quae
1956 1665 2111 1731 dicit
2157 1666 2463 1753 Iosephus
2513 1690 2667 1735 vera

275 1790 408 1835 esse
467 1773 736 1855 possunt
751 1817 769 1847 ‚
833 1772 926 1841 ita
990 1775 1065 1834 ut
1110 1767 1319 1836 multo
1366 1774 1580 1835 tamen
1628 1774 1775 1834 ante
1820 1770 2235 1837 Pisistratum
2280 1772 2515 1841 litteris
2564 1796 2667 1840 ex-

275 1881 450 1942 arata
490 1877 621 1939 sint
653 1876 935 1940 carmina
956 1875 1174 1959 Epica.
1202 1874 1566 1951 Praeterea,
1594 1877 1883 1960 quisquis
1907 1880 2128 1942 auctor
2149 1878 2274 1942 fuit
2295 1878 2563 1964 Iosepho
2589 1879 2662 1961 ⁸),

274 1982 445 2046 haud
508 1982 699 2047 dubie
760 1982 836 2047 de
899 1984 1258 2048 coniectura
1319 1983 1376 2046 is
1423 2000 1608 2045 suam
1657 1980 1927 2065 protulit
1972 1985 2375 2048 sententiam.
2424 1984 2663 2069 Ecquis

274 2087 614 2179 crediderit
674 2086 948 2155 Graecos
1006 2109 1119 2172 per
1180 2086 1429 2153 saecula
1477 2086 1733 2173 ‘aliquot
1752 2136 1767 2164 ,
1833 2092 2173 2173 postquam
2218 2088 2488 2155 Homeri
2534 2110 2664 2155 car-

277 2196 453 2259 mina
491 2196 726 2278 scripto
768 2196 918 2257 sunt
957 2194 1328 2278 consignata
1344 2240 1361 2271 ,
1401 2195 1715 2258 memoria
1755 2195 2035 2258 tenuisse
2080 2198 2302 2259 utrum
2350 2195 2429 2259 ab
2475 2198 2663 2261 initio

277 2301 516 2383 scripta
560 2298 831 2363 fuissent
878 2317 960 2362 an
1005 2294 1266 2363 minus?
1313 2296 1629 2363 Sescentis
1673 2296 1829 2362 locis
1876 2300 2264 2366 contrarium
2310 2307 2592 2385 apparet.

366 2404 456 2468 At
517 2423 598 2467 ne
657 2422 732 2473 ea
793 2403 1056 2487 quidem
1075 2450 1090 2479 ,
1156 2422 1318 2487 quae
1380 2402 1457 2467 de
1517 2403 1908 2469 carminibus
1970 2403 2186 2489 Epicis
2244 2424 2281 2469 a
2324 2405 2662 2475 Pisistrato

277 2507 560 2575 collectis
623 2507 729 2574 vel
789 2508 1138 2574 recollectis
1199 2514 1558 2595 narrantur,
1623 2508 2041 2575 fundamento
2089 2512 2387 2575 nituntur
2434 2510 2658 2577 solido.

277 2613 458 2694 Quod
518 2618 594 2679 ut
654 2620 991 2700 appareat,
1065 2616 1220 2679 satis
1283 2616 1404 2679 erit
1466 2614 1703 2681 vidisse
1767 2614 1843 2679 de
1904 2617 2371 2702 epigrammate
2429 2618 2499 2682 in
2559 2618 2664 2683 Pi-

275 2722 608 2787 sistratum
665 2721 946 2786 confecto
1007 2726 1072 2786 et
1132 2719 1209 2786 de
1261 2722 1490 2788 notitia
1539 2743 1576 2787 a
1623 2718 2009 2808 Gordylione
2026 2770 2044 2798 ‚
2093 2727 2170 2787 ut
2213 2721 2489 2802 videtur,
2540 2729 2663 2790 tra-

274 2825 430 2892 dita.
501 2826 668 2892 Nam
729 2832 936 2893 cetera
998 2828 1214 2894 omnia
1230 2874 1248 2904 ‚
1309 2848 1436 2892 non
1495 2832 1753 2892 tantum
1816 2826 2134 2893 scholium
2194 2849 2320 2913 quo
2386 2829 2463 2894 de
2522 2850 2664 2895 con-

273 2932 530 3016 scriptis
594 2952 632 2996 a
698 2931 1038 2996 Pisistrato
1107 2931 1379 2997 Homeri
1450 2933 1845 2998 carminibus
1914 2935 2161 3018 agitur,
2200 2933 2343 2998 'sed
2376 2929 2395 2948 ⁰
2412 2933 2659 3020 reliqua

274 3058 525 3123 quoque
543 3085 560 3115 ,
621 3038 976 3101 maximam
1041 3042 1285 3121 partem
1351 3036 1624 3103 ridicula
1685 3044 1750 3102 et
1814 3037 2145 3122 stupendis
2190 3041 2472 3125 insignia
2519 3060 2662 3104 ana-

273 3129 683 3218 chronismis,
733 3162 894 3226 quae
932 3162 969 3205 a
1009 3141 1275 3206 diversis
1316 3143 1735 3227 scriptoribus
1773 3143 2125 3207 afferuntur
2144 3191 2159 3219 ,
2203 3164 2281 3207 ex
2317 3142 2450 3208 illis
2474 3149 2661 3209 aucta

275 3253 339 3312 et
405 3243 792 3331 amplificata]
853 3266 987 3311 esse
1047 3247 1460 3330 perspicuum
1523 3250 1621 3311 est
1664 3243 1735 3327 ³).
1805 3245 1927 3310 Illa
1992 3252 2213 3312 autem
2275 3246 2337 3310 Π
2398 3247 2662 3314 demum

276 3374 332 3418 a.
387 3351 538 3419 Chr.
601 3359 826 3417 natum
888 3350 1138 3416 saeculo
1200 3352 1269 3414 in
1315 3351 1653 3416 hominum
1700 3353 1999 3415 notitiam
2047 3354 2298 3417 venisse
2344 3352 2661 3418 videntur.

277 3457 480 3525 Cuius
521 3458 984 3523 observationis
1020 3457 1193 3522 idem
1233 3463 1451 3521 manet
1487 3457 1734 3542 pondus
1773 3460 1908 3522 sive
1939 3457 2043 3522 hic
2067 3459 2387 3543 cogitatur
2409 3456 2485 3522 de
2510 3458 2663 3524 solis

274 3563 472 3627 Iliade
519 3567 584 3627 et
631 3561 916 3648 Odyssea
960 3559 1330 3647 compositis
1357 3610 1372 3638 ,
1417 3564 1556 3626 sive
1596 3562 1672 3626 de
1712 3563 1888 3647 poesi
1928 3559 2187 3648 chlica
2228 3582 2389 3646 quae
2429 3562 2663 3628 dicitur

274 3670 573 3733 universa
631 3669 699 3731 in
758 3688 963 3731 unum
1027 3687 1252 3752 corpus
1316 3665 1596 3731 collecta.
1645 3665 1731 3731 Et
1778 3669 1931 3732 satis
1976 3666 2159 3733 facile
2206 3667 2466 3752 quidem
2514 3689 2663 3753 quo-

273 3773 463 3838 modo
510 3772 669 3859 fingi
715 3774 1046 3859 potuerint
1089 3771 1207 3838 illa
1228 3821 1244 3850 ,
1294 3770 1606 3856 explicare
1654 3771 1827 3838 licet.
1875 3773 2042 3838 Nam
2090 3794 2239 3838 cum
2286 3774 2354 3838 in
2404 3772 2657 3860 dialogo

272 3875 864 3962 pseudo-Platonico
901 3876 1227 3963 legeretur
1270 3876 1721 3962 Hipparchum
1767 3879 2092 3944 Pisistrati
2138 3877 2349 3945 filium
2393 3881 2655 3944 iussisse

343 4108 395 4166 1⁸,
431 4108 474 4156 Ι.
513 4106 544 4155 2
577 4107 636 4156 ct.
676 4103 830 4155 Wolf.
865 4106 1044 4170 proleg.
1081 4122 1130 4171 p.
1165 4105 1262 4156 109
1295 4104 1346 4155 in
1379 4120 1487 4156 ann.

338 4190 394 4255 2)
429 4191 486 4238 A.
521 4189 564 4238 G
567 4189 827 4237 utschmidt
860 4204 904 4237 v.
924 4189 970 4237 d.
1017 4189 1167 4254 (apud
1203 4189 1313 4237 Flac
1315 4189 1364 4240 h.
1401 4188 1471 4238 l.l.
1506 4205 1552 4253 p.
1592 4188 1647 4252 2)
1684 4187 1741 4238 Io
1742 4185 1887 4254 sepho
1920 4191 2165 4238 auctorem
2199 4185 2343 4238 fuisso
2376 4189 2536 4239 censet
2570 4189 2658 4241 Di·

269 4287 405 4320 cacat·
381 4271 523 4319 rchus
557 4269 832 4318 Aristotelis
866 4269 914 4317 di
898 4269 1138 4333 iscipulus.
1176 4270 1275 4319 Alii
1309 4270 1468 4330 aliter,
1501 4270 1559 4320 cf.
1596 4269 1869 4320 Volkmann
1906 4269 1976 4319 1..1
2013 4286 2058 4334 p.
2097 4268 2210 4320 22¹1.

339 4355 394 4418 3)
430 4353 508 4416 Qu
480 4351 528 4400 ui
561 4350 683 4400 illud
717 4351 794 4400 sch
801 4351 864 4398 οἰ]
870 4364 1003 4399 ums
982 4351 1075 4400 scri
1078 4367 1150 4415 psl
1135 4351 1175 4400 it
1209 4353 1334 4402 haud
1365 4351 1505 4400 dubie
1539 4368 1678 4420 cogni
1659 4353 1783 4402 itum
1818 4350 2021 4401 habebat
2056 4365 2153 4400 esse
2186 4349 2269 4415 qui
2310 4353 2650 4403 contenderent

277 4436 433 4487 Home
408 4451 544 4484 erum
584 4434 708 4483 nihil
743 4449 833 4482 εστι
821 4433 909 4497 pti
945 4449 994 4481 re
997 4433 1204 4497 liquisse.
1251 4450 1257 4455 ·
