3351 5463
1170 325 1254 371 nn
1299 325 1450 372 man
1497 325 1777 373 nomo,
2569 306 2651 371 61

1347 509 1607 574 LXVII.

983 679 1067 725 nn
1115 679 1470 726 TRI'HGARIA
1523 678 1961 727 conmo'rmNu.

377 811 771 900 Magnopere
853 815 1054 877 miror
1120 810 1400 878 Gerardo
1469 812 1530 875 N
1532 812 1683 877 oodt
1752 813 1828 877 de
1899 814 2291 878 condictione
2361 817 2672 880 triticaria

292 924 645 983 recusatam
716 922 1310 1004 interpretationem
1331 966 1347 995 ‚
1416 940 1541 983 non
1604 919 1773 1004 quod
1832 939 1933 984 res
1992 941 2105 1005 per
2168 941 2233 984 se
2296 919 2496 997 clara,
2561 922 2671 986 sed

292 1024 454 1109 quod
516 1025 671 1090 adeo
737 1023 1036 1111 perplexa
1096 1030 1296 1102 esset,
1361 1028 1471 1102 ut,
1521 1027 1689 1089 sicut
1734 1027 1871 1109 ipse
1918 1028 2042 1103 ait,
2093 1025 2368 1089 memoria
2407 1032 2666 1106 tamena)

293 1130 483 1193 omnia
525 1133 599 1194 de
638 1132 751 1194 hac
791 1131 1159 1194 condictione
1199 1130 1431 1194 tradita
1471 1178 1484 1194 .
1519 1180 1534 1197 .
1565 1178 1579 1194 .
1619 1131 2045 1212 interpretibus
2068 1131 2231 1195 nihil
2254 1130 2667 1217 intelligeret.

291 1237 488 1314 Nam,
563 1241 639 1301 ut
711 1239 796 1300 sit
867 1232 1144 1301 difficilis
1209 1238 1494 1322 quaestio
1515 1284 1531 1313 ,
1597 1240 1819 1300 utrum
1880 1235 2316 1322 prudentibus
2367 1238 2673 1302 debeatur

291 1345 600 1407 triticaria
649 1363 729 1406 an
777 1341 1162 1407 Triboniano
1182 1390 1199 1419 ‚
1250 1361 1443 1426 quam
1491 1344 1912 1406 tractavimus
1958 1363 2093 1427 cap.
2140 1342 2303 1420 XX;
2344 1323 2479 1407 'non
2518 1343 2671 1408 adeo

293 1438 464 1512 dictu
528 1447 783 1512 difficile
843 1447 1122 1525 videtur,
1189 1446 1396 1531 qualis
1443 1449 1609 1511 actio
1656 1445 2079 1533 intelligenda
2126 1449 2212 1511 sit
2229 1495 2245 1525 ,
2294 1453 2359 1511 et
2405 1449 2675 1513 arbitror

295 1574 367 1617 ex
427 1558 646 1618 mente
709 1551 1077 1617 Triboniani
1141 1552 1310 1636 apud
1373 1551 1771 1638 Stephanum
1808 1551 1854 1630 ¹)
1915 1554 2229 1636 scriptum
2275 1550 2443 1638 legi:
2496 1575 2677 1630 τριτα-

293 1657 546 1738 nemost)
601 1706 615 1722 .
646 1705 661 1722 .
695 1705 709 1722 .
762 1656 1122 1736 ἰσοδυναμεῖ
1178 1659 1262 1737 ’τῷ
1329 1657 1568 1738 (κέρτῳ)
1616 1657 2023 1737 κονδικτικίῳ·
2075 1660 2236 1734 πλὴν
2286 1658 2314 1721 ὃ
2363 1658 2476 1735 μὲν
2522 1656 2679 1738 (κέρ-

295 1769 422 1844 τος)
464 1763 566 1827 ἐπὶ
617 1764 917 1843 ἀργυρίων
963 1771 1258 1841 κινεῖται,
1309 1763 1336 1826 ὃ
1387 1761 1450 1826 δὲ
1493 1763 1852 1842 τριτικαὶριος
1904 1763 2004 1826 ἐπὶ
2055 1766 2212 1827 πᾶσι
2261 1771 2386 1836 τοῖς
2437 1761 2673 1832 ἄλλοις.

295 1866 620 1955 Competit
663 1872 872 1956 igitur
917 1861 1229 1934 triticaria
1275 1868 1586 1936 condictio
1635 1890 1711 1933 ex
1760 1870 1937 1932 omni
1976 1888 2165 1933 causa
2184 1917 2199 1947 ,
2242 1889 2318 1932 ex
2359 1890 2485 1953 qua
2522 1868 2677 1953 quid

293 1979 535 2062 petitur
596 1982 846 2061 praeter
908 1978 1245 2066 pecuniam
1303 1980 1707 2060 numeratam
1729 2023 1743 2051 ,
1809 1961 1884 2039 de
1944 1996 2068 2059 qua
2128 1995 2196 2038 re
2256 1977 2343 2038 sit
2386 1974 2675 2060 specialis

296 2081 643 2159 condictio;
709 2082 778 2145 id
842 2085 1014 2145 enim
1074 2083 1315 2166 requiri
1333 2129 1348 2157 ,
1414 2086 1487 2145 ut
1549 2072 1708 2145 certi
1768 2079 2085 2145 condictio
2133 2081 2337 2157 detur,
2388 2081 2670 2145 vidimus

294 2208 422 2272 cap.
471 2186 678 2252 XXV.
727 2186 908 2252 Idem
955 2188 1194 2252 fatetur
1242 2185 1541 2252 Ouiacius
1587 2189 1657 2249 in
1706 2185 2038 2250 Paratitlis
2063 2187 2148 2266 2);
2213 2189 2429 2272 itaque
2474 2189 2672 2252 miror

295 2314 402 2356 cur
449 2292 755 2357 adversus
817 2292 1122 2358 Ioannem
1169 2291 1524 2357 Robertum
1572 2291 1662 2371 (II
1708 2313 1761 2356 c.
1814 2291 1881 2371 3)
1922 2292 2259 2373 penest-alem
2304 2297 2497 2377 neget
2542 2313 2678 2357 esse

294 2399 674 2462 triticariam
693 2446 710 2474 ,
753 2419 946 2483 quam
993 2419 1144 2468 cum
1191 2396 1574 2484 specialibus
1620 2396 2127 2463 condictionibus
2173 2419 2539 2463 concurrere
2585 2399 2679 2463 ibi

296 2525 545 2589 quoque
610 2503 1020 2569 demonstrat.
1084 2504 1253 2568 Nam
1272 2552 1288 2581 ,
1354 2503 1524 2588 quod
1568 2505 1659 2567 ait
1679 2550 1694 2580 ,
1745 2503 2141 2568 condictione
2191 2506 2500 2568 triticaria
2545 2505 2681 2589 peti

295 2631 416 2674 non
485 2609 687 2674 solere
756 2612 1096 2695 pecuniam
1167 2612 1569 2674 numeratam
1592 2657 1608 2685 ,
1672 2630 1752 2673 ne
1812 2611 1969 2673 certi
2034 2607 2293 2693 quidem
2357 2608 2672 2673 condictio

297 2717 501 2782 aufert
543 2720 888 2783 servitutes
929 2716 1495 2803 obligationesque.
1537 2715 1746 2795 Quam
1786 2715 1864 2781 de
1900 2718 2209 2782 triticaria
2248 2738 2327 2782 ex
2360 2715 2678 2801 Stephano

298 2826 709 2910 exposuimus
749 2825 1104 2890 doctrinam
1123 2873 1139 2902 ,
1182 2845 1255 2889 ea
1295 2823 1550 2888 Ioannis
1587 2822 1750 2888 Voet
1789 2844 2041 2908 quoque
2088 2824 2216 2887 fuit
2232 2872 2249 2901 ,
2290 2826 2452 2888 iuris
2493 2822 2683 2887 Iusti-

296 2934 468 2995 niani
513 2930 693 2995 nullo
740 2932 1058 2996 inferioris
1102 2933 1488 3015 interpretis.
1540 2930 1660 3017 De,
1696 2951 1840 2994 meo
1894 2929 2155 2994 addam:
2212 2932 2354 2994 iure
2406 2928 2680 3015 Impera-

295 3039 458 3101 torio
499 3036 656 3102 duas
696 3058 832 3103 esse
871 3037 1296 3103 condictiones
1335 3036 1663 3123 generales
1686 3085 1699 3109 ‚
1740 3058 1867 3101 non
1906 3037 2074 3121 quod
2112 3039 2339 3102 incerti
2369 3037 2679 3101 condictio

299 3142 614 3228 generalis
676 3165 802 3208 non
864 3147 949 3208 sit
967 3193 983 3222 ‚
1051 3143 1161 3209 sed
1223 3146 1373 3228 quia
1437 3145 1596 3207 certi
1642 3142 2024 3207 condictioni
2069 3143 2259 3207 modo
2306 3142 2683 3229 adiungitur

303 3250 614 3314 triticaria
661 3248 729 3327 (l.
785 3249 819 3313 1
870 3271 965 3334 pr.
1013 3249 1092 3316 D.
1148 3248 1252 3313 13.
1281 3248 1368 3329 3),
1418 3249 1608 3321 modo
1653 3250 1883 3312 incerti
1928 3247 1998 3326 (l.
2044 3248 2127 3312 12
2167 3248 2246 3312 D.
2290 3248 2397 3313 46.
2425 3248 2514 3326 2),
2554 3254 2678 3313 non

200 3414 206 3421 .
301 3352 498 3418 simul
557 3360 850 3438 utraque.
916 3355 1091 3420 Adeo
1138 3376 1217 3420 ne
1263 3355 1340 3419 de
1387 3356 1737 3420 novissimo
1784 3354 2043 3438 quidem
2088 3356 2227 3418 iure
2274 3375 2502 3419 verum
2550 3360 2679 3431 est,

301 3458 619 3545 triplicem
681 3462 1146 3526 condictionem
1207 3462 1380 3537 dari,
1447 3482 1571 3545 quo
1619 3462 1878 3525 nomine
1925 3482 2128 3545 nuper
2172 3462 2275 3526 ius
2319 3463 2679 3547 genuinum

299 3567 663 3650 inquinavit
709 3565 914 3631 Baron
944 3567 1015 3647 ³).

428 3699 699 3750 scribebam
732 3716 894 3751 mense
926 3703 1142 3766 Augusto
1180 3703 1324 3752 1895.

367 3900 415 3958 l)
449 3899 560 3951 Sch.
598 3900 624 3947 1
661 3897 795 3957 Τέως
829 3900 860 3948 ἰ.
881 3901 914 3949 f.
952 3901 1011 3948 ad
1049 3902 1156 3950 Bas.
1189 3901 1336 3949 28.1.
1359 3901 1403 3948 9.
1441 3900 1516 3949 of.
1547 3902 1792 3964 praeterea
1820 3901 1905 3950 sub
1936 3899 2114 3951 Irnerii
2143 3900 2336 3950 nomine
2364 3916 2516 3965 nuper
2535 3901 2678 3950 edita.

368 3980 422 4043 2)
471 3981 546 4029 Ad
593 3982 652 4027 D.
702 3982 779 4030 12.
804 3982 857 4030 lz
909 3982 1030 4030 certi
1077 3982 1311 4030 condictio
1348 4019 1359 4030 .
1382 4018 1394 4029 .
1417 4018 1428 4030 .
1466 3980 1616 4031 datur
1659 3982 1713 4029 in
1757 3998 1860 4031 eum
1904 3983 1987 4046 φα·
2020 4022 2030 4031 .
2055 4021 2065 4031 .
2088 4021 2099 4032 .
2136 3983 2271 4032 debet
2302 3998 2591 4047 quacumque
2622 3999 2681 4033 σε

298 4078 455 4111 eausa.
491 4063 567 4111 Ad
605 4064 661 4110 D.
701 4064 778 4112 13.
799 4066 856 4112 3:
893 4063 1167 4126 condicti(o)
1202 4063 1488 4126 triticar‘i(a)
1520 4070 1571 4113 et
1605 4064 1873 4129 condicti(o)
1907 4065 2028 4113 certi
2060 4100 2101 4112 ..
2124 4101 2134 4113 .
2166 4064 2445 4126 descendat)
2478 4072 2681 4128 ucraque

297 4160 354 4194 ea·
388 4146 551 4193 eadem
584 4159 743 4194 causa.

363 4228 417 4290 3)
452 4227 548 4276 Die
585 4227 918 4277 Condictionen
955 4228 1137 4292 (1881)
1167 4246 1211 4293 p.
1234 4228 1321 4280 87:
1370 4229 1476 4279 „die
1509 4230 1599 4278 den
1631 4228 1917 4277 classiachon
1951 4228 2169 4278 Juristen
2200 4230 2435 4295 qeldufiqo
2468 4230 2685 4278 Einthei-

299 4309 409 4372 lnmq
461 4310 548 4357 der
596 4310 833 4359 condictio
884 4311 952 4359 ist
1002 4310 1080 4360 die
1125 4311 1176 4359 in
1221 4312 1354 4360 cond.
1404 4310 1552 4370 certi,
1601 4309 1870 4369 triticaria,
1915 4308 2141 4359 incerti”.
2179 4311 2302 4376 Quis
2336 4312 2386 4360 id
2422 4310 2545 4361 dixit
2580 4311 2686 4360 viro

300 4388 603 4439 clarissimo?
