3351 5463
649 363 784 431 312
1604 431 1609 437 ,
1657 377 2031 426 nucnnrms.

647 569 787 612 rem
850 547 1090 630 tetigit.
1153 544 1530 608 Accuratius
1591 561 1812 606 versus
1874 543 1931 605 si
1988 540 2464 606 consideramus
2529 543 2641 626 qui
2706 544 3041 628 excipiunt

650 674 815 720 vsm.
859 649 1013 734 530,
1053 652 1314 735 apparet
1350 651 1420 712 in
1458 649 1748 714 versibus
1785 646 1920 710 illis
1960 667 2118 730 quos
2158 652 2345 731 poeta
2380 649 2449 710 in
2489 654 2705 713 mente
2741 649 3041 731 habebat,

650 780 801 824 cum
846 757 1158 822 scribebat
1202 775 1368 821 vsm.
1422 752 1576 836 530,
1626 773 1988 817 sermonem
2034 752 2230 818 fuisse
2270 751 2349 817 de
2387 752 2607 818 eadem
2648 773 2718 818 re
2737 803 2754 838 ,
2795 754 2872 819 de
2914 775 3046 839 qua

647 865 771 928 hoc‘
830 863 970 928 loco
1030 862 1199 947 agit,
1265 858 1375 925 sed
1437 858 1835 941 generaliore
1898 878 2109 923 sensu.
2173 857 2249 920 In
2309 864 2523 924 mente
2583 861 2793 946 igitur
2848 866 3041 945 poeta

650 970 920 1035 habebat
982 967 1201 1032 locum
1219 1014 1236 1049 ,
1299 965 1411 1028 ubi
1471 962 1645 1028 idem
1707 963 1913 1028 isdem
1975 963 2103 1028 fere
2149 963 2362 1028 verbis
2411 962 2656 1029 dictum
2703 969 2841 1029 erat
2859 1013 2876 1048 ,
2927 964 3044 1030 sed

650 1078 745 1140 ita
804 1079 881 1138 ut
942 1094 1061 1137 non
1128 1073 1342 1156 aperte
1402 1071 1752 1153 pertineret
1797 1067 1877 1133 ad
1920 1073 2166 1133 atomos
2185 1115 2204 1152 ,
2253 1068 2364 1132 sed
2410 1069 2490 1133 ad
2535 1074 2784 1134 atomos
2825 1075 3045 1156 posset

650 1182 967 1266 pertinere
985 1227 1002 1262 ,
1051 1174 1399 1241 dummodo
1448 1173 1950 1238 consideraretur
1999 1177 2246 1238 atomos
2293 1195 2420 1238 non
2465 1174 2698 1240 habere
2738 1175 3038 1253 „inane'’.

650 1285 777 1350 Hic
819 1282 1002 1350 locus
1045 1287 1265 1348 autem
1307 1278 1550 1364 legitur
1597 1299 1694 1344 vs.
1744 1276 1874 1344 221
1926 1281 1992 1342 et
2037 1280 2382 1363 proximis:

923 1387 1092 1474 quod
1135 1406 1304 1452 nunc
1320 1433 1337 1463 ,
1386 1389 1641 1451 aeterno
1690 1385 1843 1467 quia
1889 1387 2180 1448 constant
2226 1385 2470 1450 semine
2517 1404 2803 1471 quaeque
2822 1433 2840 1462 ,
2893 1366 2898 1374 ¹

923 1495 1119 1560 donec
1162 1495 1265 1557 vis
1310 1492 1504 1574 obiit,
1555 1510 1716 1574 quae
1762 1510 1863 1555 res
1909 1488 2266 1556 diverberet
2308 1491 2445 1555 ictu

924 1610 1038 1666 aut
1081 1602 1257 1665 intus
1300 1602 1589 1684 penetret
1633 1617 1748 1682 per
1794 1597 2011 1661 inania
2056 1596 2533 1680 dissoluatque‚
2517 1569 2532 1584 ’

923 1705 1165 1771 1111111116
1211 1705 1486 1770 exitium
1532 1705 1781 1788 patitur
1823 1707 2054 1766 natura
2100 1700 2326 1767 videri.

652 1814 780 1880 Hic
824 1812 1002 1879 locus
1047 1812 1403 1875 maximam
1448 1808 1642 1874 habet
1690 1806 2189 1872 similitudinem
2235 1828 2386 1872 cum
2429 1807 2568 1872 loco
2613 1828 2806 1892 quem
2848 1761 3044 1894 poeta

653 1921 809 1985 dicit
867 1939 933 1984 se
994 1920 1128 1982 iam
1192 1916 1600 1980 tractavisse.
1649 1917 1926 1998 utroque
1971 1911 2109 1978 loco
2156 1933 2364 1978 sermo
2413 1918 2510 1978 est
2556 1913 2633 1979 de
2679 1915 2868 1981 rebus
2917 1915 3044 1979 dis-

654 2024 955 2090 sobvendis
972 2071 988 2100 ,
1052 2021 1222 2106 quod
1281 2019 1417 2085 fieri
1462 2024 1673 2104 potest
1721 2022 1834 2083 aut
1881 2039 2029 2082 cum
2082 2021 2224 2096 „vis
2270 2019 2430 2083 obiit
2476 2040 2637 2104 quae
2685 2041 2785 2085 res
2834 2020 3046 2086 diver-

655 2131 831 2196 beret
867 2127 1043 2193 ictu”
1086 2131 1191 2205 (=
1216 2123 1526 2202 „dissolui
1565 2121 1777 2210 plagis
1817 2125 2208 2188 extrinsecus
2245 2125 2372 2188 icta
2411 2124 2718 2210 possunt''
2746 2146 2843 2191 vs.
2875 2121 3040 2204 52¹7)

655 2240 770 2302 aut
832 2238 889 2301 si
949 2254 1049 2299 res
1115 2234 1333 2309 „intus
1398 2233 1688 2314 penetret
1748 2249 1861 2313 per
1907 2228 2165 2294 inania''
2215 2234 2332 2309 (=·
2347 2251 2505 2307 „nec
2550 2251 2736 2316 porro
2780 2231 3041 2316 penitus

656 2344 985 2427 penetrata
1030 2336 1273 2403 retexi''
1324 2356 1418 2402 vs.
1469 2333 1649 2412 528).

742 2445 838 2512 Eo
899 2445 1039 2509 loco
1084 2445 1308 2529 igitur,
1358 2460 1549 2524 quem
1596 2444 1784 2525 poeta
1830 2442 2110 2524 respexit
2129 2486 2145 2517 ‚
2190 2439 2372 2505 1111116
2417 2460 2519 2506 res
2567 2440 2802 2506 dicitur
2848 2462 3036 2526 posse

651 2554 914 2618 interire
959 2551 1086 2614 nisi
1130 2549 1229 2613 vis
1275 2546 1459 2612 obeat
1504 2564 1665 2629 quae
1714 2564 1856 2610 eam
1916 2544 2274 2611 diverberet
2334 2551 2449 2609 aut
2505 2547 2682 2611 intus
2744 2552 3038 2631 penetret

653 2664 717 2723 et
780 2656 1121 2733 dissolvat;
1183 2652 1304 2718 hoc
1364 2650 1502 2715 loco
1565 2649 1713 2714 inde
1775 2648 2172 2714 concluditur
2218 2655 2463 2716 atomos
2507 2672 2634 2716 non
2679 2672 2863 2738 posse
2911 2651 3038 2717 dis·

624 2764 819 2830 solvi
835 2813 852 2848 ,
913 2763 1214 2846 quoniam
1273 2757 1473 2823 talem
1530 2759 1667 2822 vim
1731 2777 1856 2821 non
1915 2755 2296 2839 admittant,
2361 2759 2598 2843 quippe
2666 2778 2828 2843 quae
2903 2759 3037 2823 sint

655 2890 835 2948 „sine
877 2866 1119 2933 inani’'.

738 2974 1041 3040 Versibus
1087 2970 1447 3039 221—224
1496 2970 1856 3034 continetur
1900 2970 2250 3054 propositio
2297 2970 2501 3034 maior
2547 2968 2917 3055 syllogismi
2929 2988 2951 3061 J

922 3080 1092 3164 quod
1136 3100 1266 3143 non
1310 3068 1567 3152 habet,
1566 3075 1847 3152 ‚inania''
1894 3074 1962 3139 id
2007 3077 2212 3160 perire
2259 3096 2387 3140 non
2432 3079 2673 3159 potest3

648 3206 779 3253 vss.
832 3184 962 3251 526
1010 3190 1074 3250 et
1121 3181 1251 3251 527
1300 3184 1662 3248 continetur
1705 3182 2055 3264 propositio
2102 3182 2314 3245 minor
2359 3180 2756 3267 syllogismi·

922 3292 1124 3357 atomi
1167 3310 1294 3354 non
1338 3288 1641 3363 habent,
1639 3284 1893 3363 ‚inane''

651 3419 778 3468 vss.
832 3393 1191 3463 528--530
1238 3395 1597 3459 continetur
1640 3389 1995 3455 conclusio·

926 3504 1126 3568 atomi
1172 3522 1299 3566 non
1344 3502 1611 3583 possunt
1655 3498 1884 3579 perire.
2032 3563 2036 3568 ,

742 3608 850 3673 Vs.
916 3607 1043 3672 531
1106 3611 1327 3671 autem
1390 3607 1577 3689 poeta
1637 3621 1787 3669 vere
1834 3599 1990 3665 dicit
2034 3600 2197 3665 hanc
2245 3601 2716 3668 conclusionem
2762 3604 2893 3667 iam
2940 3604 3038 3666 in-

649 3734 783 3781 esse
830 3716 900 3777 in
945 3712 1376 3799 propositione
1419 3708 1681 3771 maiore.

740 3818 920 3883 Idem
999 3816 1419 3903 syllogismus
1487 3812 1850 3876 continetur
1917 3810 2129 3875 verbis
2195 3765 2462 3895 Epicuri
2480 3859 2497 3894 ,
2578 3832 2739 3896 quae
2804 3811 3039 3875 Aetius

648 3923 947 3990 tradidit.
998 3924 1225 3999 ἄτομος
1277 3966 1294 3984 .
1324 3967 1338 3983 .
1370 3966 1385 3983 .
1433 3918 1499 3982 οὐ
1545 3915 1807 3980 δύναται
1855 3917 2158 3990 τμηθῆναι
2206 3962 2220 3978 .
2253 3962 2267 3979 .
2299 3962 2313 3979 .
2363 3910 2512 3979 οὖσα
2563 3962 2580 3980 .
2610 3964 2624 3980 .
2653 3964 2669 3979 .
2710 3917 3032 3996 ἀμέτοχος

652 4033 821 4095 κενοῦ
871 4027 1077 4109 (Plut.
1124 4025 1284 4112 plac.
1333 4023 1386 4107 1,
1437 4020 1500 4099 3,
1540 4019 1721 4086 Diels
1766 4019 2047 4105 Doxogr.
2097 4039 2244 4105 pag.
2293 4019 2477 4101 286).
2695 4032 2702 4037 '

1634 4296 2042 4310 ψ
