3351 5463
1310 386 1687 436 anonvmus.
1913 457 1920 462 1
2555 371 2691 438 325

406 551 617 617 Possit
662 549 893 636 aliquis
941 555 1170 634 putare
1214 550 1589 616 Lucretium
1634 550 1756 616 hoc
1803 551 1942 618 loco
1989 551 2234 618 Stoicos
2272 552 2587 633 refellere,
2627 553 2693 618 id

316 657 485 743 quod
530 656 769 728 Munro
814 658 1047 721 sentire
1085 655 1341 722 videtur
1392 655 1499 736 (ad
1540 677 1635 722 ve.
1683 655 1859 736 191).
1924 657 2125 722 Stoici
2177 661 2348 724 enim
2394 659 2700 723 docebant

317 784 502 842 „eam
548 767 847 828 naturam
894 781 1030 826 esse
1076 765 1377 846 quattuor
1421 763 1637 827 omnia
1683 764 2098 848 gignentium
2143 783 2483 848 corporum
2529 761 2694 843 (scil.

314 872 621 953 quattuor
678 865 1169 945 elementorum)
1231 872 1306 931 ut
1355 913 1370 930 .
1400 913 1415 930 .
1445 913 1460 930 .
1509 870 1759 932 terrena
1827 872 1892 932 et
1962 866 2184 932 umida
2243 873 2469 952 suopte
2532 873 2698 931 nutu

312 979 377 1037 et
423 993 542 1037 suo
587 973 864 1057 pondere
911 971 989 1038 ad
1037 991 1217 1056 pares
1264 969 1536 1056 angulos
1581 973 1651 1035 in
1691 976 1930 1036 terram
1965 977 2032 1036 et
2067 975 2133 1036 in
2175 993 2351 1038 mare
2389 973 2692 1049 ferantur,

311 1076 594 1163 reliquae
631 1077 792 1142 duae
829 1082 1039 1164 partes
1057 1125 1074 1155 ,
1116 1097 1245 1142 una
1278 1079 1503 1162 ignea,
1547 1076 1750 1142 altera
1789 1077 2086 1142 animalis
2129 1127 2145 1143 .
2175 1126 2189 1142 .
2221 1125 2236 1142 .
2279 1081 2467 1144 rectis
2503 1077 2692 1143 lineis

311 1185 381 1247 in
420 1180 756 1249 caelestem
804 1182 1023 1248 locum
1070 1181 1445 1260 subvolent,
1497 1184 1633 1248 sive
1681 1185 1822 1268 ipsa
1867 1188 2093 1248 natura
2137 1187 2463 1268 superiora
2509 1203 2698 1268 appe-

310 1293 487 1353 tente
504 1334 522 1366 ‚
586 1290 723 1354 eive
779 1287 953 1374 quod
1012 1308 1051 1352 a
1108 1288 1513 1373 gravioribus
1569 1286 1810 1354 leviora
1872 1293 2102 1354 natura
2157 1288 2588 1374 repellantur”
2622 1291 2692 1369 ¹).

310 1391 483 1458 Illud
546 1413 695 1458 eane
760 1394 941 1478 „ipsa
1000 1391 1272 1458 natura’'
1337 1392 1649 1477 quaedam
1711 1414 1972 1478 corpora
2028 1396 2354 1480 superiora
2395 1401 2694 1480 appetere

309 1503 631 1585 repugnat
698 1499 1020 1564 doctrinae
1080 1496 1546 1583 Epicureorum
1564 1549 1581 1582 ,
1645 1498 1758 1564 sed
1819 1506 1987 1564 certe
2045 1521 2171 1564 non
2231 1519 2450 1566 omnes
2495 1498 2694 1566 Stoici

312 1603 383 1668 id
441 1604 766 1672 docebant,
847 1604 1021 1670 Nam
1080 1602 1249 1668 Zeno
1304 1603 1418 1668 ille
1476 1604 1740 1688 quidem
1785 1603 2050 1670 tradidit
2095 1606 2160 1670 οὐ
2211 1607 2462 1676 πάντως
2507 1611 2692 1682 σῶμα

310 1707 507 1788 βάρος
571 1707 779 1789 &xum
825 1709 974 1773 ἀλλ’
1036 1708 1251 1788 οἱβαρῆ
1313 1705 1466 1774 εἶναι
1526 1708 1678 1788 α’έρα
1728 1709 1832 1774 καὶ
1881 1715 2001 1790 πῦρ
2029 1758 2043 1775 .
2075 1757 2090 1774 .
2137 1709 2326 1792 φύσει
2375 1710 2502 1792 γὰρ
2550 1712 2696 1775 οἰνώ-

314 1821 509 1895 φοισα
574 1817 757 1878 ταῦτ’
821 1810 973 1880 εἶναι
1036 1813 1137 1878 διὰ
1197 1813 1267 1877 τὸ
1328 1813 1583 1890 μηδενὸς
1643 1815 1940 1894 μετέχειν
1998 1814 2264 1894 βάρους,
2311 1815 2422 1880 sed
2467 1815 2692 1881 eodem

315 1917 455 1985 loco
518 1919 737 1986 docuit
785 1918 1000 1984 πάντα
1044 1919 1128 1984 τὰ
1175 1918 1328 1998 μέρη
1374 1923 1481 1984 τοῦ
1531 1917 1762 1995 κόσμου
1807 1920 1909 1984 ἐπὶ
1957 1919 2028 1984 τὸ
2075 1920 2260 1996 μέσον
2305 1925 2412 1984 τοῦ
2461 1920 2690 1996 κόσμου

316 2029 427 2100 σὺν
488 2026 687 2105 Φορὰν
747 2024 937 2105 ἔχειν,
987 2024 1277 2101 μάλιστα
1326 2024 1387 2088 δὲ
1438 2024 1521 2090 τὰ
1568 2024 1762 2104 βάρος
1811 2023 2039 2107 ἔχοντα
2087 2030 2152 2090 et
2198 2027 2366 2091 inter
2410 2046 2483 2091 ea
2528 2047 2688 2111 quae

310 2131 541 2196 mundi
607 2136 901 2198 centrum
967 2135 1196 2215 petunt
1264 2129 1499 2194 diserte
1566 2131 1858 2194 nominat
1925 2150 2137 2195 aerem
2205 2135 2273 2194 et
2303 2159 2310 2166 ·
2339 2132 2565 2216 ignem
2611 2129 2686 2211 ²).

310 2237 647 2304 Praeterea
690 2241 760 2302 in
805 2236 1171 2302 Stoicorum
1217 2235 1505 2300 doctrina
1548 2241 1685 2300 erat
1731 2235 2026 2300 ἀνωτάτω
2074 2231 2228 2299 εἶναι
2273 2235 2342 2300 τὸ
2384 2239 2503 2316 πῦρ
2543 2231 2571 2300 ὃ
2613 2234 2684 2311 δὲ

311 2341 520 2422 αἰθέρα
570 2343 894 2408 καλεῖσθαι
946 2389 961 2406 .
990 2389 1005 2406 .
1033 2388 1050 2406 .
1100 2340 1239 2418 μέθ
1288 2335 1355 2413 ἣν
1404 2340 1505 2405 τὸν
1546 2339 1734 2419 ἀέρα,
1775 2336 1916 2406 εἶτα
1957 2341 2027 2405 τὸ
2069 2337 2240 2421 ὕδωρ,
2285 2340 2686 2418 ὑποστάθμην

250 2433 257 2440 ’
312 2446 374 2512 δὲ
424 2446 671 2512 πάντων
717 2449 830 2523 την
876 2453 1017 2525 γῆν,
1064 2446 1258 2522 μέσην
1302 2443 1596 2510 ἁπάντων
1644 2440 1830 2510 οὖσαν
1860 2445 1930 2526 ³).

398 2552 797 2632 Quibuscum
858 2555 917 2618 si
976 2552 1391 2618 conferuntur
1447 2555 1777 2636 postrema
1824 2552 2018 2617 verba
2060 2572 2095 2616 e
2133 2501 2444 2618 *Cicerone
2491 2551 2682 2618 modo

304 2657 565 2724 laudata
621 2661 800 2738 „sive
862 2659 1032 2744 quod
1092 2679 1130 2722 a
1189 2657 1596 2745 gravioribus
1654 2655 1898 2722 leviora
1959 2662 2188 2723 natura
2247 2655 2682 2743 repellantur'’

304 2786 431 2831 non
482 2771 579 2831 est
620 2767 690 2829 in
732 2766 852 2830 hac
896 2786 965 2830 re
1011 2766 1355 2849 quicquam
1400 2763 1571 2850 quod
1614 2762 1916 2848 Epicurei
1961 2762 2347 2862 refellerent.

396 2870 734 2937 Lucretius
796 2873 1003 2956 igitur
1069 2890 1144 2935 eo
1210 2868 1350 2935 loco
1368 2917 1384 2947 ,
1458 2868 1535 2934 de
1602 2889 1730 2954 quo
1799 2871 2056 2955 agimus
2075 2918 2092 2948 ‚
2164 2892 2293 2935 non
2352 2869 2688 2955 redarguit

304 2974 593 3059 aliquam
656 2976 1011 3041 doctrinam
1070 2972 1599 3061 philosophorum
1617 3021 1633 3051 ,
1705 2972 1816 3039 sed
1876 2976 2241 3061 opinionem
2304 2974 2646 3061 vulgarem
2665 3022 2682 3052 ,

292 3079 475 3165 quod
532 3083 666 3145 iam
725 3079 831 3146 vel
886 3080 1035 3145 inde
1094 3084 1355 3165 apparet
1414 3078 1583 3165 q'uod
1640 3081 1711 3143 in
1772 3078 1938 3145 libro
1983 3083 2173 3147 tertio
2219 3081 2326 3159 (cf.
2375 3101 2471 3145 ve.
2521 3079 2684 3161 429)
2747 3082 2754 3091 ’

306 3190 372 3250 et
436 3188 507 3250 in
570 3184 737 3251 libro
805 3188 1028 3271 quinto
1095 3185 1200 3264 (cf.
1257 3205 1353 3250 vs,
1402 3182 1556 3262 458,
1609 3182 1788 3264 501),
1857 3184 1972 3250 ubi
2039 3185 2115 3250 de
2187 3183 2402 3251 animo
2435 3181 2538 3251 ‘et
2606 3184 2682 3250 de

310 3291 565 3357 aethere
633 3312 841 3357 sermo
908 3295 1005 3357 est
1020 3337 1038 3368 ‚
1110 3290 1189 3355 ad
1255 3290 1421 3356 hanc
1487 3291 1924 3373 quaestionem
1990 3289 2169 3355 nullo
2239 3278 2432 3357 modo
2495 3290 2682 3357 redit.

310 3396 494 3477 Quod
540 3419 689 3463 cum
735 3400 830 3463 ita
868 3399 986 3475 sit,
1006 3398 1151 3461 'non
1191 3401 1289 3461 est
1324 3397 1569 3459 mirum
1605 3416 1757 3460 eum
1793 3398 1962 3460 inter
1999 3416 2072 3461 ea
2108 3416 2270 3481 quae
2305 3416 2422 3461 sua
2457 3402 2688 3463 natura

308 3523 567 3568 sursum
624 3504 779 3569 ferri
840 3502 1176 3569 videantur
1234 3500 1565 3566 flammam
1609 3506 1840 3586 (neque
1883 3500 2040 3567 dicit
2083 3504 2305 3588 ignem
2349 3506 2464 3567 aut
2495 3502 2689 3568 -ardo-

305 3615 469 3689 rem)
516 3615 583 3673 et
618 3610 868 3676 arbores
906 3611 1115 3693 primo
1150 3606 1289 3673 loco
1330 3609 1716 3673 nominatim
1755 3606 1973 3673 afferre
1995 3656 2012 3685 ,
2056 3609 2292 3693 quippe
2333 3607 2409 3673 de
2449 3608 2684 3693 quibus

309 3713 613 3799 vulgares
660 3716 953 3781 homines
975 3693 1302 3780 ‘facillime
1345 3713 1415 3777 id
1460 3713 1711 3779 credere
1759 3716 2022 3799 possint.

376 3972 431 4033 1)
467 3971 564 4021 oio.
604 3970 734 4036 θὴρ.
771 3972 824 4021 T.
860 3970 901 4023 1.
936 3972 1056 4032 §40-

370 4053 428 4116 ε)
463 4052 593 4103 stob.
628 4053 729 4102 nol.
766 4054 809 4111 1,
846 4054 991 4111 ιω..

348 4136 429 4200 «8)
468 4134 603 4199 Diog.
638 4136 691 4185 L
732 4134 845 4194 VII,
882 4133 994 4187 137.
