3351 5463
657 311 789 376 238
1516 329 2162 378 osennummcunan

656 514 1026 560 mensuram
1086 494 1372 560 redactae
1430 497 1558 558 sint
1614 496 2048 580 possessiones
2068 542 2085 573 ‚
2151 514 2346 580 quam
2409 491 2841 558 Diocletianus
2901 513 3049 558 rem

654 598 981 684 publicam
1043 601 1142 664 ἐπὶ
1209 602 1277 664 τὸ
1337 599 1667 677 βασιλικὸν
1734 598 1768 674 ἢ
1835 601 2100 674 τάληθὲς
2163 600 2359 664 εἰπεῖν
2429 599 2527 664 ἐπὶ
2578 601 2645 662 τὸ
2695 600 3048 679 τυραννικὸν

657 703 930 783 sussen:
987 705 1179 771 Hunc
1227 703 1401 771 enim
1448 706 1653 772 denuo
1700 705 1982 793 legimus
2014 705 2060 782 ¹)
2111 707 2767 788 οὶν(οι)μετρήο·οι(σθοιι)
2816 729 2885 769 τε
2931 706 3048 778 τὴν

657 812 893 891 ἤπειρον
940 813 1045 876 καὶ
1092 821 1221 884 τοῖς
1268 813 1469 893 φόροις
1521 816 1918 894 (β)οι,οῦν(αι),
1968 813 2134 898 quod
2181 835 2306 898 quo
2344 816 2662 898 pertineat
2702 811 3050 882 dicendum

655 923 786 996 est,
852 920 909 982 si
970 921 1215 1004 potest,
1280 940 1430 983 nam
1493 919 1718 1004 Lydus
1765 918 1934 983 nihil
1980 918 2170 996 dicit,
2221 919 2596 984 tantundem
2648 917 3051 1002 Marquardt.

654 1023 1095 1111 Interrogatus
1180 1026 1352 1088 enim
1370 1072 1387 1101 ‚
1478 1025 1794 1108 quomodo
1877 1044 1950 1090 ea
2016 1026 2275 1108 imperii
2343 1044 2643 1088 mensura
2711 1030 2852 1088 acta
2921 1026 3010 1087 sit
3031 1071 3050 1100 ,

652 1129 987 1212 respondet
1044 1128 1424 1214 Marquardt
1447 1131 1534 1210 2):
1598 1131 1692 1192 ita
1752 1135 1962 1196 actam
2008 1149 2142 1194 esse
2161 1178 2176 1207 ,
2227 1134 2302 1194 ut
2349 1136 2490 1194 acta
2541 1132 2628 1194 sit
2674 1129 2845 1208 („die
2903 1127 2963 1191 V
2956 1151 3054 1192 er-

652 1256 921 1314 messunq
983 1236 1087 1296 des
1138 1235 1392 1298 Beiches
1439 1282 1637 1300 .....
1679 1236 1934 1315 983οῆαῆ
1988 1242 2164 1298 anter
2210 1235 2601 1298 Diocletian..
2659 1282 2674 1298 .
2705 1281 2719 1298 .
2750 1283 2765 1300 .
2799 1281 2812 1297 .
2843 1282 2858 1300 .
2907 1235 3050 1297 Das

652 1361 732 1402 so
778 1361 1135 1403 ver-messene
1182 1341 1364 1404 Lcmd
1410 1387 1608 1405 .....
1616 1340 1704 1421 ”).
1755 1340 1915 1405 Plus
1956 1341 2139 1405 docet
2177 1340 2548 1404 Zachariae:
2591 1339 3053 1405 mensuraliter

655 1445 773 1509 sub
836 1444 1230 1510 Diocletiano
1294 1445 1581 1531 obligata
1643 1467 1778 1512 esse
1843 1444 2102 1531 singula
2161 1448 2482 1510 territoria
2498 1466 2514 1523 3
2581 1448 2652 1510 in
2699 1447 3048 1510 territoriis

655 1549 911 1636 singula
960 1570 1263 1636 agrorum
1302 1571 1569 1638 genera,
1610 1572 1738 1616 non
1775 1550 2064 1636 singulas
2099 1552 2522 1636 possessiones
2551 1549 2622 1630 ³),
2663 1551 2772 1614 scd
2810 1555 3054 1616 testem

656 1675 783 1718 non
828 1654 1022 1719 habet
1045 1655 1120 1736 ⁴).
1169 1655 1448 1720 Aliunde
1492 1663 1756 1742 apparet
1795 1655 2255 1722 mensuraliter
2299 1676 2378 1720 ne
2426 1660 2581 1720 tunc
2630 1656 2890 1740 quidem
2936 1655 3054 1720 vel

656 1761 979 1824 territoria
1039 1759 1146 1825 vel
1207 1760 1465 1846 singula
1512 1761 1770 1846 praedia
1817 1761 2104 1846 obligata
2150 1762 2368 1828 fuisse.
2398 1780 2402 1784 ·
2432 1761 2636 1838 Nam,
2686 1760 2944 1845 praedia
2991 1763 3056 1825 si

656 1865 929 1942 fuissent
946 1913 963 1942 ,
1011 1886 1136 1930 non
1181 1869 1522 1932 mansisset
1569 1866 1850 1932 formula
1895 1866 2244 1944 censualis,
2297 1869 2617 1930 territoria
2657 1868 2712 1930 si
2753 1866 3053 1944 fuissent,

656 1992 783 2036 non
822 1971 1189 2036 audiremus
1236 1973 1312 2037 de
1360 1970 1608 2059 Oyrrho
1656 1975 2028 2057 episcopum
2076 1971 2546 2037 Theodoretum
2593 1979 3052 2050 γεωμετρικαῖς

659 2076 1008 2155 ἀποδείξεσι
1055 2079 1483 2159 χρησωμενον)
1530 2080 1956 2163 proferentem
2002 2084 2112 2150 τῆς
2159 2125 2172 2141 .
2202 2127 2218 2144 .
2249 2126 2262 2142 .
2295 2124 2309 2141 .
2356 2077 2582 2158 ,χώρας
2629 2124 2644 2142 .
2675 2125 2690 2141 .
2721 2124 2734 2140 .
2766 2125 2780 2142 .
2822 2077 2891 2140 τὸ
2929 2085 3057 2152 μῆ-

659 2207 758 2252 κος
801 2231 815 2246 .
846 2231 860 2248 .
891 2229 906 2247 .
937 2230 951 2246 .
991 2183 1062 2246 τό
1103 2188 1224 2264 (τε)
1264 2181 1458 2262 εὖρος,
1508 2204 1669 2267 quae
1709 2188 2154 2268 praeterquam
2193 2181 2781 2268 parallelogrammi
2806 2187 3057 2247 rectan-

656 2288 903 2375 gularis
986 2289 1228 2354 nullius
1314 2292 1710 2355 summitatis
1783 2295 1879 2355 est
1947 2289 2256 2375 obligatio
2284 2291 2337 2368 ⁵)
2354 2309 2371 2366 3
2460 2311 2588 2354 non
2671 2289 3054 2353 audiremus

600 2425 607 2429 ·
660 2396 934 2460 eundem
981 2398 1351 2480 episcopum
1372 2444 1389 2473 ,
1439 2417 1641 2481 quum
1692 2397 1898 2461 dicere
1944 2417 2070 2460 non
2118 2399 2359 2480 potest,
2408 2400 2724 2479 quantum
2769 2394 2938 2478 apud
2981 2416 3058 2458 se

660 2500 856 2577 culti,
901 2506 1213 2585 quantum
1253 2500 1488 2566 inculti
1527 2505 1611 2566 sit
1638 2501 1713 2582 ⁶),
1753 2522 1879 2566 non
1914 2503 2219 2587 iugerum
2239 2548 2256 2578 ‚
2277 2499 2439 2578 sed,
2482 2501 2713 2584 quibus
2745 2505 3057 2564 taxantur

659 2609 1130 2693 possessionum
1192 2609 1361 2672 vires
1387 2607 1462 2685 ⁷),
1526 2609 1836 2692 iugorum
1896 2627 2163 2671 numero
2183 2654 2200 2682 ‚
2270 2627 2544 2690 quorum
2602 2608 2884 2690 spatium
2949 2609 3058 2669 est

657 2711 895 2778 mobile
959 2734 1073 2798 pro
1138 2712 1449 2778 ubertatis
1511 2713 1879 2777 discrimine
1906 2713 1979 2792 ⁸),
2044 2720 2152 2787 τῆς
2218 2712 2426 2792 χώρας
2477 2713 2545 2778 τὸ
2595 2710 2815 2791 μέτρον
2863 2714 3059 2777 aesti-

726 2954 778 3013 1)
810 2953 927 3016 Lyd.
961 2952 1003 3001 Ι.
1036 2954 1087 3000 4.
1127 2978 1187 2991 -
1225 2951 1299 3000 cf.
1334 2954 1582 3014 Syn-nm.
1618 2952 1944 3011 Rechtsbuoh,
1977 2954 2032 3002 L.
2069 2953 2225 3015 5121.

725 3036 780 3097 2)
812 3036 947 3084 Rb'm.
980 3035 1284 3085 Staatwmo.
1316 3034 1372 3082 II
1408 3034 1589 3098 (1884)
1622 3049 1673 3099 p.
1708 3032 1824 3085 227.

728 3117 784 3182 8)
820 3116 1006 3167 Ztschr.
1042 3115 1091 3164 d.
1126 3117 1336 3165 Sam-St.
1370 3115 1441 3185 lX
1478 3115 1652 3178 (1888)
1688 3132 1736 3179 p.
1771 3116 1930 3165 268⁸:
1971 3115 2154 3165 ,Nicht
2187 3117 2273 3165 der
2319 3116 2527 3181 Umsanq
2561 3118 2648 3168 dor
2673 3117 2944 3169 einzelnen.
2965 3156 2976 3167 .
3004 3154 3018 3168 .
3039 3156 3054 3171 .

662 3200 1015 3258 Grundsta'a‘eke,
1058 3198 1260 3248 condem
1304 3198 1391 3246 der
1444 3197 1650 3260 Umfanq
1684 3198 1766 3246 des
1794 3212 1979 3261 yanzen
2013 3197 2239 3247 Bezirhes
2271 3200 2374 3247 und
2408 3200 2496 3247 der
2531 3199 2584 3247 in
2617 3200 2872 3249 demselben
2908 3200 3058 3249 iiber·

656 3283 808 3346 haupt
840 3280 1153 3347 befindlichen
1185 3280 1381 3339 Aeo-ker,
1425 3280 1487 3327 W
1481 3279 1709 3343 cimber-qe,
1743 3295 1789 3327 u.
1810 3294 1849 3328 ο.
1867 3296 1919 3329 w.
1955 3280 2114 3329 wurde
2135 3278 2488 3343 scscqestellff.
2537 3281 2608 3329 Eo
2641 3281 2780 3330 modo
2813 3280 2942 3331 haud
2973 3281 3058 3331 ita

654 3364 844 3431 pridem
879 3364 995 3413 Iava
1028 3364 1193 3412 nostra
1228 3362 1287 3409 ad
1320 3375 1593 3410 mensuram
1628 3361 1819 3409 redacta
1857 3363 1946 3409 est.

722 3449 774 3509 4)
820 3445 953 3495 Mira
1000 3459 1075 3493 res
1120 3447 1217 3502 est,
1264 3443 1316 3491 in
1363 3446 1599 3506 quantum
1642 3457 1992 3507 supervacanea
2040 3442 2292 3491 videantur
2338 3442 2391 3491 in
2426 3442 2660 3493 eiusmodi
2693 3442 3060 3507 quaestionibus

655 3528 933 3579 testimonia
975 3525 1217 3577 historicis
1261 3525 1519 3589 plerisque.
1566 3525 1709 3588 Quod
1743 3524 1794 3573 in
1829 3523 2034 3589 imperio
2069 3525 2286 3574 Romano
2321 3525 2423 3573 sine
2456 3527 2578 3574 teste
2613 3526 2768 3575 dicere
2801 3541 2942 3575 ausus
2973 3532 3058 3577 est

656 3610 934 3667 Zachariae,
981 3608 1108 3657 idem
1156 3608 1204 3655 in
1250 3609 1411 3655 vetere
1458 3608 1672 3670 Aegypto
1721 3604 1916 3669 impune
1962 3606 2052 3655 sibi
2090 3606 2310 3656 futurum
2344 3606 2637 3657 existimavit
2669 3609 2923 3672 Sprenger,
2957 3610 3058 3659 das

657 3694 881 3743 Amland
912 3690 1004 3741 XL
1035 3687 1219 3755 (1867)
1252 3706 1300 3754 Ρ.
1339 3689 1485 3747 1017,
1520 3705 1661 3753 quem
1696 3688 1920 3739 exscribit
1955 3691 2010 3739 ut
2043 3689 2330 3755 locupletem
2366 3689 2586 3749 Peschel,
2628 3691 2790 3740 Geeck.
2819 3692 2866 3741 d.
2893 3694 3056 3742 Erdk.

658 3773 841 3839 (1877)
877 3789 925 3837 Ρ.
959 3772 1075 3821 46⁸.

726 3857 781 3921 5)
826 3855 993 3905 Credit
1026 3869 1138 3903 sane
1178 3854 1493 3916 Marqnsrdt,
1529 3856 1833 3903 Staatsverw.
1870 3854 1924 3902 ΙΙ
1958 3854 2132 3918 (1884)
2166 3870 2214 3917 p.
2250 3854 2398 3913 228²,
2435 3855 2524 3904 hoc
2560 3856 2700 3905 modo
2736 3871 2823 3921 per
2855 3855 3060 3905 univer-

658 3938 851 3987 sitatem
884 3935 1103 3999 obligari.
1434 3923 1439 3927 ’

728 4021 777 4081 6)
808 4016 926 4080 ’ἔχει
961 4015 1017 4066 δὲ
1047 4015 1132 4079 ’ὄρη
1168 4014 1339 4066 πολλά
1376 4032 1437 4065 τε
1472 4015 1558 4065 nai
1591 4014 1802 4079 μεγάλοι
1836 4014 1943 4065 ace-ti.

726 4101 777 4161 7)
822 4100 1044 4165 Coepisse
1090 4100 1281 4150 videtur
1325 4097 1507 4163 iugatio
1550 4099 1645 4160 (vel
1693 4098 1920 4163 capitatio
1966 4101 2179 4159 terrena)
2223 4114 2251 4148 a
2287 4099 2584 4149 Diocletiano
2619 4103 2678 4163 (e.
2717 4101 2747 4149 9
2782 4102 2836 4152 Ο.
2869 4103 2920 4151 4.
2939 4102 3057 4167 49),

658 4186 802 4246 atque
834 4181 946 4231 inde
979 4182 1256 4230 descendere
1290 4179 1451 4230 fabula
1481 4179 1567 4229 illa
1600 4178 1713 4242 περὶ
1747 4182 1841 4237 τῆς
1877 4178 2274 4241 ἀναμετρήσεως.

726 4264 781 4325 8)
823 4261 1073 4311 Pertinere
1118 4262 1309 4311 videtur
1352 4263 1410 4310 ad
1455 4262 1577 4310 hanc
1621 4260 1878 4310 taxationis
1910 4261 2177 4312 rationem:
2215 4262 2402 4315 Heron.
2438 4264 2646 4327 Geepon.
2683 4263 2840 4325 5102,
2879 4265 3049 4325 5103.

660 4346 802 4411 Quod
850 4359 1082 4407 nusquam
1126 4344 1428 4394 observatum
1472 4359 1570 4393 esse
1614 4342 1828 4391 memini.
1867 4343 2044 4405 Iugum
2081 4343 2149 4392 ibi
2185 4344 2364 4395 dicitur
2398 4346 2563 4407 ye'e'ndv
2597 4345 2768 4408 (semel
2801 4344 3052 4412 κεφαλή),

658 4429 844 4479 constat
873 4430 1034 4477 autem
1063 4427 1117 4486 Ο,
1135 4426 1328 4487 CXXV,
1346 4425 1622 4485 CXXXIII,
1653 4426 1773 4492 0013
1797 4425 2054 4491 iugeribus.
2092 4426 2258 4477 Edidit
2287 4427 2499 4479 Hultsch
2518 4428 2847 4494 (Weidmsnn‚
2868 4429 3046 4492 1864).
