3351 5463
734 397 821 444 An
869 393 1071 444 oAssn
1114 395 1326 444 morus
1370 397 1788 454 comunem}
1831 395 2184 445 merosus.
2519 376 2650 444 437

248 566 512 649 piratas
578 564 835 627 mittere
896 562 1207 627 dubitatis
1270 563 1652 648 Pompeium
1699 562 2036 628 consulatu
2083 563 2375 628 functum
2393 611 2434 640 ,.
2459 581 2654 646 quem

249 670 337 734 ad
408 668 659 736 bellum
721 689 870 734 cum
935 667 1215 734 Sertorio
1254 669 1721 734 conficiendum
1767 670 2146 754 designastis
2194 688 2320 753 quo
2364 673 2654 754 tempore

247 797 335 840 ne
392 781 607 857 petere
669 774 929 860 quidem
990 774 1259 839 honores
1321 796 1433 860 per
1487 781 1764 840 aetatem
1813 777 1871 840 ei
1918 775 2149 840 licebat
2167 772 2234 838 ?’'
2300 772 2452 839 Tale
2500 773 2658 860 quid

246 881 587 947 dicentem
647 881 909 946 habebis
970 883 1346 965 scriptorem
1407 883 1463 945 si
1508 885 1762 946 mutata
1810 901 1962 946 voce
2012 876 2100 944 ἔτι
2147 881 2475 965 scripseris
2521 878 2652 945 οὐδὲ

248 988 468 1069 άρχῆν
517 987 786 1052 αἰτεῖν
835 1010 930 1051 πω
981 985 1331 1065 δυνάμενον.

347 1249 481 1316 Dio
529 1247 807 1314 XXXVI
852 1250 929 1314 fr.
982 1249 1089 1314 36.
1120 1250 1153 1314 1
1205 1254 1292 1334 (p.
1346 1247 1641 1333 378.2’7)
1704 1252 1754 1314 εἲ
1821 1251 1883 1315 δὲ
1933 1249 2002 1325 δή
2054 1272 2149 1321 τις
2199 1247 2389 1315 ἐκεῖνό
2437 1257 2649 1330 Φησιν,

248 1351 346 1419 ὅτι
418 1354 536 1420 κᾶν
601 1353 685 1420 ἑνί
747 1379 831 1436 τῳ
882 1353 1095 1422 πάντα
1147 1354 1249 1418 τὸν
1299 1352 1572 1432 πόλεμον
1620 1354 2031 1436 ἐπιτρέψητε,
2082 1356 2331 1426 πάντως
2382 1379 2494 1422 που
2546 1355 2650 1420 καὶ

251 1459 614 1540 ναυάρχους
675 1460 776 1524 κοοὶ
841 1460 1158 1540 ὑπάρχους
1223 1462 1494 1533 πολλοὺς
1560 1458 1717 1538 ἔξει,
1784 1463 1912 1532 πῶς
1966 1461 2032 1526 οὑ
2081 1459 2240 1526 πολὺ
2290 1459 2654 1542 δικαιότερον

253 1565 366 1632 καὶ
456 1565 911 1647 συμφορώτερον
1000 1567 1148 1647 (ἐγὼ
1219 1566 1347 1646 γὰρ
1418 1565 1495 1632 ἂν
1566 1565 1826 1648 εἴποιμι)
1911 1565 2014 1631 xx)
2098 1566 2164 1630 v!
2232 1565 2452 1631 κωλύει
2522 1547 2653 1632 πού-

252 1695 407 1744 τους
468 1665 549 1736 οοῦ
614 1670 755 1743 τοὺς
819 1669 1110 1750 ὑπάρξειν
1167 1673 1367 1751 ἐκείνῳ
1424 1671 1782 1749 μέλλοντας
1839 1673 1943 1736 καὶ
2016 1673 2502 1752 προχειρισθῆνοιι
2546 1673 2655 1754 ὑφ’

256 1778 433 1856 ὑμῶν
486 1793 675 1843 κω.
1544 1761 1549 1766 ’

349 1881 615 1949 Habent
686 1883 853 1970 quod
924 1904 1311 1969 magnopere
1378 1881 1715 1968 displiceat
1774 1883 1968 1948 verba
2027 1881 2144 1948 illa
2206 1883 2326 1959 ἐγὼ
2391 1882 2516 1962 γὰρ
2579 1882 2655 1947 ἂν

256 1986 521 2062 εἴποιμι.
571 1987 978 2076 Quamquam
1022 1992 1423 2074 interponere
1472 1990 1837 2073 saepissime
1885 1986 2090 2052 solent
2137 1993 2412 2054 oratores
2458 1987 2650 2067 talia,

254 2093 475 2159 veluti
522 2096 709 2174 φήσει
754 2118 881 2172 τις,
931 2093 1160 2172 εἴποιμ’
1211 2093 1306 2172 ἄν,
1355 2115 1524 2159 nunc
1568 2093 1831 2179 quidem
1872 2095 2172 2179 quoniam
2211 2093 2376 2158 nihil
2414 2093 2654 2179 signifi-

259 2219 406 2264 care
452 2205 721 2284 possunt
768 2202 892 2265 nisi
938 2201 1091 2265 hoc:
1145 2223 1288 2282 „eqo
1338 2200 1492 2264 enim
1530 2200 1788 2263 dixerim
1830 2199 2048 2263 iustius
2085 2199 2156 2263 id
2192 2222 2315 2263 esse
2350 2199 2654 2284 maqieque

248 2306 725 2389 profuturum’'‚
790 2309 953 2371 mire
1012 2303 1376 2392 infringunt
1420 2309 1557 2370 vim
1607 2306 2044 2370 affirmationis
2091 2307 2229 2370 eius
2274 2326 2435 2389 quae
2481 2326 2655 2391 prae-

258 2412 469 2477 cedit:
525 2418 695 2491 ,,πῶς
743 2414 808 2478 οὑ
837 2462 851 2478 .
883 2460 896 2477 .
928 2414 987 2477 .”
1038 2419 1101 2478 et
1150 2414 1463 2478 dissecant
1511 2432 1671 2497 quae
1718 2411 2157 2499 coniungenda
2195 2417 2406 2489 erant,
2448 2414 2544 2476 ita
2581 2417 2654 2475 ut

260 2516 397 2582 fere
445 2516 672 2583 tollere
712 2523 776 2583 et
814 2540 892 2583 ex
939 2521 1217 2584 oratione
1256 2519 1499 2583 abicere
1538 2516 1748 2583 malis.
1791 2516 2011 2603 Neque
2053 2522 2269 2582 tamen
2309 2517 2652 2595 abicienda,

264 2622 379 2686 sed
444 2621 677 2688 leniter
737 2624 1139 2710 corrigenda,
1205 2627 1277 2688 ut
1323 2624 1403 2688 ad
1449 2625 1768 2688 enuntiati
1813 2625 2078 2687 initium
2130 2621 2231 2700 »εἴ
2273 2623 2369 2693 τίς
2419 2623 2650 2701 Φησιν”

263 2728 574 2813 apodosin
635 2729 894 2796 reddere
957 2729 1315 2797 videantur.
1380 2728 1558 2809 Quod
1605 2734 1680 2794 ut
1730 2729 1842 2793 fiat
1888 2727 2022 2815 legi
2072 2728 2300 2794 malim
2344 2729 2395 2793 εἱ
2446 2727 2506 2793 δὲ
2556 2754 2653 2801 τις

268 2834 463 2901 ἐκεῖνό
525 2842 712 2917 Φησιν
777 2832 870 2901 ὅτι
922 2883 937 2900 .
967 2884 981 2900 .
1012 2884 1026 2899 .
1058 2882 1072 2899 .
1124 2835 1441 2915 ὑπάρχους
1504 2835 1774 2907 πολλοὺς
1824 2831 1980 2912 ἕξει·
2033 2836 2203 2913 »πῶς
2252 2836 2316 2899 οὑ
2366 2836 2523 2899 πολὺ
2575 2834 2656 2899 δι-

265 2940 574 3020 καιότερον
651 2941 755 3005 καὶ
822 2938 1323 3023 συμφορώτερον”
1390 2939 1630 3019 ἔγωγ’
1679 2939 1768 3006 ἂν
1816 2942 2340 3019 άντεΙποιμι,
2394 2940 2540 3019 „nai
2589 2941 2655 3007 τί

270 3044 489 3112 κωλύει
538 3047 785 3126 κ.ϊ.λ;”
1674 3052 1683 3057 ”
1730 3052 1737 3059 “

270 3270 276 3277 ’
359 3278 485 3345 Dio
533 3279 897 3345 XXXVIII.
945 3281 1022 3345 fr.
1075 3279 1160 3346 43
1210 3286 1299 3366 (p.
1350 3279 1503 3348 418.
1537 3280 1668 3362 12).
1732 3279 2038 3345 Metellus
2097 3280 2311 3366 Nepos
2357 3281 2655 3346 tribunus

270 3382 477 3467 plebis
514 3390 696 3450 extra
726 3386 953 3451 urbem
990 3387 1219 3452 abiisse
1253 3387 1334 3452 ad
1363 3388 1749 3473 Pompeium
1787 3393 2084 3452 narratur
2115 3386 2314 3451 καίτοι
2346 3385 2656 3463 μηδεμίαν

273 3490 439 3571 αὐτῷ
490 3491 689 3555 νύκτα
736 3494 1253 3565 άπολιπῆνοιι
1303 3492 1373 3555 ἐκ
1421 3498 1534 3567 τῆς
1583 3491 1820 3563 πόλεως
1869 3488 2020 3567 ἐξόν.

356 3594 485 3660 Pro
547 3601 847 3680 corrupto
907 3597 1101 3663 verbo
1162 3598 1545 3670 ἄπολιπῆνοιι
1609 3599 1820 3663 varias
1880 3598 2211 3662 variorum
2265 3598 2655 3661 coniecturas

270 3698 449 3766 affers
498 3703 568 3764 in
614 3704 1022 3767 annotatione
1062 3703 1303 3768 critica.
1343 3701 1587 3769 Verum
1626 3724 1831 3787 neque
1871 3702 2285 3769 Herwerdeni
2322 3704 2656 3767 ἀπολιπεῖν

264 3824 467 3892 neque
531 3805 859 3871 Schenklii
918 3808 1269 3872 άποκοιτεῖν
1332 3808 1410 3873 ab
1474 3810 1650 3873 omni
1715 3814 1895 3894 parte
1957 3809 2076 3873 tibi
2129 3808 2434 3872 satisfecit
2450 3854 2468 3884 ,
2516 3809 2652 3893 ipse

263 3916 482 3977 autem
520 3911 939 3977 subdubitans
978 3916 1245 3978 tentasti
1284 3913 1709 3990 ἀποδημῆσαι.
1754 3913 2076 3998 Equidem
2119 3950 2202 3963 —
2245 3916 2297 3977 si
2322 3919 2651 3979 tantorum

267 4018 555 4084 virorum
638 4020 1017 4084 coniecturis
1094 4022 1429 4084 conamina
1500 4041 1644 4085 mea
1714 4040 2025 4105 apponere
2095 4018 2271 4084 salva
2339 4017 2651 4085 modestia

264 4118 412 4187 licet
482 4158 569 4170 —
639 4126 926 4209 suspicor
987 4124 1261 4190 Dionem
1323 4128 1648 4210 scripsisse
1713 4126 2206 4202 ἀπαυλισθῆναι,
2269 4144 2392 4209 quo
2454 4125 2650 4191 verbo

272 4224 619 4315 Dionysius
667 4228 744 4294 de
792 4231 1168 4295 abnoctandi
1212 4234 1351 4333 iure
1398 4252 1553 4296 usus
1601 4237 1698 4297 est
1745 4230 1789 4296 l.
1839 4230 2008 4297 VIII.
2062 4228 2166 4295 78.

353 4477 495 4543 Lib.
548 4476 890 4544 XXXVIII
936 4479 1012 4543 fr.
1062 4478 1170 4544 26.
1200 4478 1241 4545 4
1291 4486 1378 4566 (p.
1431 4479 1583 4547 448.
1615 4481 1753 4562 21.)
1817 4480 2135 4561 τεκμήριον
2192 4480 2255 4545 δὲ
2303 4476 2397 4547 ὅτι
2438 4481 2490 4545 οἱ
2537 4482 2672 4557 μὲν
