3351 5463
590 375 722 442 296
1012 437 1020 448 ,
1530 387 2029 436 Amsrormns.

676 555 777 620 Ita
835 556 989 621 haec
1048 575 1298 640 quoque
1361 554 1553 619 verba
1617 557 1790 619 recte
1851 555 2091 638 excipit
2151 557 2473 618 structura
2489 601 2507 631 ,
2565 573 2690 639 qua
2735 554 2964 620 chorus

588 664 799 727 utitur
838 664 903 726 in
952 662 1224 747 abrupta
1270 662 1557 729 oratione
1603 679 1912 746 pergens:

1308 766 1397 844 μη
1446 765 1617 831 κατὰ
1663 764 1767 831 τὸν
1815 764 2058 830 νεανίαν
2107 779 2249 831 κτλ.

676 986 783 1053 Vs.
834 985 986 1051 651.
1035 985 1331 1050 ἰάσασθαι
1381 983 1543 1051 νόσον
1592 983 1874 1066 ἀρχαίαν
1916 984 1977 1048 ἐν
2015 991 2092 1065 τῇ
2135 983 2312 1049 πόλει
2364 984 2916 1050 ἐντετοκυῖαν.

584 1093 931 1179 Eleganter
1013 1092 1414 1155 ἐντετακυῖαν
1497 1093 1766 1155 coniecit
1843 1089 2078 1154 Reiske
2096 1137 2114 1167 ,
2189 1089 2494 1175 probante
2562 1090 2964 1156 LeeuweniO.

583 1197 1023 1264 Nihilominus
1103 1201 1293 1263 vetus
1376 1195 1721 1261 scholiasta
1791 1193 2114 1280 explicans
2189 1197 2627 1274 s’yysvnosi‘etoev
2697 1196 2966 1262 fortasse

582 1304 810 1369 habuit
872 1308 1019 1366 ante
1066 1301 1279 1367 oculos
1327 1302 1761 1380 ἐγγεγονυῖαν,
1813 1301 1983 1387 quod
2031 1304 2324 1366 certatim
2373 1303 2764 1368 coniecimus
2807 1323 2930 1389 ego
2946 1350 2964 1380 ,

586 1410 647 1475 N
649 1409 818 1485 aber,
868 1407 1163 1494 Blaydes.

681 1611 789 1675 Vs.
839 1607 991 1675 673.

680 1717 732 1780 οἱ
780 1715 843 1778 δὲ
889 1714 1221 1795 ξύμμαχοι
1268 1716 1345 1785 ὥς
1392 1714 1684 1796 ᾔσθηνται
1733 1715 1837 1779 τὸν
1879 1715 2030 1792 μὲν
2077 1715 2378 1795 σύρφακα
2427 1714 2529 1779 τὸν
2573 1713 2772 1782 ἄλλον

678 1822 746 1886 ἐκ
792 1820 1069 1901 κηθαρίον
1116 1821 1602 1901 λαγαριζόμενον
1650 1821 1756 1885 καὶ
1805 1821 2275 1902 τραγαλίζοντα
2321 1824 2392 1888 τὸ
2439 1821 2652 1900 μηδέν,

674 1948 745 1992 σε
791 1927 906 2004 μὲν
956 1929 1250 2004 ἡγοῦνται
1300 1927 1517 1991 Κόννου
1564 1934 1801 2008 ψῆφον,
1849 1928 2114 1993 τούτοισι
2163 1929 2225 1994 δὲ
2277 1928 2705 2008 δωροφοροῦσιν

676 2030 897 2114 ὕρχας,
939 2029 1102 2109 οἶνον,
1146 2031 1435 2109 δάπιδας,
1468 2031 1663 2112 τυρόν,
1708 2035 1879 2110 μέλι,
1921 2033 2204 2111 σήσαμα,
2245 2035 2733 2113 προσκεφάλαια
2774 2048 2918 2099 κτλ.

582 2140 777 2205 Recte
836 2157 963 2205 van
1021 2138 1372 2203 Leeuwen:
1439 2186 1473 2216 ,‚
1481 2144 1739 2204 textum
1799 2144 2176 2226 corruptum
2235 2145 2350 2204 aut
2406 2138 2784 2206 lacunosum
2832 2161 2970 2206 esse

586 2248 925 2331 ‚,apparet,
972 2265 1126 2310 nam
1171 2265 1357 2309 voces
1404 2244 1516 2320 μὲν
1564 2250 1629 2308 et
1674 2244 1778 2308 τὸν
1827 2243 2020 2309 ἄλλον
2069 2251 2214 2330 apte
2254 2245 2557 2331 explicari
2598 2251 2965 2330 nequeunt,

585 2354 755 2430 „nisi
804 2356 1158 2435 opponatur
1209 2351 1348 2421 τοὺς
1397 2348 1457 2414 δὲ
1508 2349 1928 2428 δημαγωγοὺς
1979 2351 2306 2421 δυσκόλους
2354 2349 2537 2424 ὄντας
2587 2352 2690 2415 καὶ
2743 2357 2971 2432 τρυφε-

582 2457 713 2536 ροὺς
779 2454 884 2522 vel
946 2456 1259 2520 eiusmodi
1318 2455 1627 2540 aliquid'’.
1674 2454 1834 2521 Vide
1879 2461 2098 2523 tamen
2144 2477 2351 2522 annon
2395 2456 2702 2535 sufficiat,
2754 2456 2968 2523 deleta

583 2561 811 2628 vocula
854 2563 989 2639 με’ν,
1038 2582 1133 2627 vs.
1186 2558 1317 2628 673
1364 2564 1454 2626 sic
1500 2564 1873 2627 restituere:

672 2670 723 2734 οἱ
764 2669 827 2735 δὲ
864 2667 1197 2747 ξύμμαχοι
1236 2669 1311 2739 ὥς
1353 2666 1513 2745 <σ’>
1558 2667 1848 2750 ᾔσθηνται
1890 2667 2098 2749 (καὶ)
2137 2667 2237 2733 τὸν
2278 2668 2578 2751 σύρφακα
2618 2669 2721 2735 τὸν
2763 2665 2963 2734 ἄλλον

672 2777 740 2841 ἐκ
786 2777 1067 2853 κηθαρΙου
1110 2774 1595 2854 λαγαριζόμενον
1645 2775 1775 2839 κτὲ.

578 2883 623 2945 i.
653 2903 707 2947 θ.
755 2890 813 2945 te
858 2904 987 2944 cum
1032 2880 1269 2963 rebiqua
1316 2881 1509 2943 turba.
1578 2880 1585 2885 ’

672 3098 780 3163 Vs.
832 3095 985 3164 773.
1885 3096 2029 3177 πρὸς
2079 3096 2148 3161 τὸ
2195 3101 2316 3177 πῦρ
2361 3096 2732 3175 καθήμενος·

854 3202 1127 3275 ῦοντος
1176 3201 1408 3268 εἴσει.

574 3308 746 3375 Olim
812 3310 915 3390 (cf.
986 3312 1185 3374 etiam
1244 3307 1491 3373 Mnem.
1560 3307 1679 3384 21,
1745 3306 1906 3389 449)
1977 3310 2280 3393 proposui
2356 3306 2544 3373 ῦπνου
2613 3308 2674 3371 τ’
2739 3306 2966 3380 ὀνήσει.

576 3415 867 3481 Fortasse
912 3420 1129 3480 tamen
1174 3420 1454 3500 praestat
1500 3412 1705 3479 simili
1751 3416 2066 3479 sententia
2109 3416 2427 3479 conicere:

1871 3520 2016 3600 πρὸς
2065 3522 2134 3584 τὸ
2182 3522 2304 3599 πῦρ
2349 3517 2686 3595 καθήμενος

852 3624 1090 3693 εὕδων
1138 3626 1211 3704 θ’,
1257 3622 1361 3692 ὅθ’
1409 3625 1574 3701 ἡδύ.

574 3733 998 3817 dormiensque,
1047 3734 1285 3817 quando
1334 3732 1497 3795 bibet.
1547 3731 1888 3796 Eiusmodi
1933 3736 2104 3797 certe
2151 3728 2308 3815 quid
2353 3732 2598 3816 requiri
2634 3728 2845 3816 liquet
2885 3752 2972 3795 ex

572 3840 733 3925 ipsis
779 3839 1193 3925 sequentibus

1805 3944 1943 4019 κῆν
1992 3942 2182 4025 ἕνον
2227 3940 2687 4023 μεσημβρινός,

845 4052 1036 4123 οὐδείς
1083 4052 1141 4117 σ’
1190 4052 1534 4131 ἀποκλῄσει
1580 4050 1946 4126 θεσμοθέτης
1993 4060 2070 4132 τῇ
2121 4050 2416 4127 κιγκλίδι.

663 4269 767 4335 Vs.
819 4267 971 4337 792.
1021 4263 1193 4333 κοῖτα
1237 4265 1612 4345 βδελυχθεὶς
1658 4264 2165 4345 ὀσφρόμενος
2213 4264 2550 4342 ἐξέπτυσα.

575 4375 751 4455 Quae
816 4377 887 4439 in
956 4395 1063 4439 ore
1130 4378 1425 4439 tenemus
1488 4378 1796 4452 yustamm
1813 4420 1830 4448 ‚
1892 4393 2022 4437 non
2081 4375 2418 4449 odoramur,
2498 4391 2694 4456 quare
2759 4374 2974 4438 miror

573 4486 837 4568 poetam
896 4501 1025 4544 non
1082 4478 1329 4543 dedisse
1390 4502 1437 4555 γ
1456 4502 1489 4541 ε
1504 4500 1539 4540 υ
1556 4500 1595 4539 o·
1612 4477 1656 4542 ὦ
1672 4499 1725 4552 μ
1742 4500 1773 4539 ε
1789 4501 1821 4540 ν
1835 4500 1864 4539 ο
1881 4500 1934 4548 ς.
2001 4475 2330 4563 cognatus
2375 4478 2640 4562 quidem
2685 4483 2970 4564 uterque
