3351 5463
1333 394 1723 445 Ansomsnus.
2589 378 2717 448 15¹7

318 567 474 647 post
533 584 595 627 v.
663 560 794 628 '730
868 562 1013 637 έμεῖ
1059 609 1072 625 .
1197 608 1211 625 .
1263 561 1459 641 βαρύν
1482 578 1509 638 ,·
1570 567 1645 625 ut
1717 560 1972 627 Merkel
2043 565 2288 648 optime
2359 542 2715 649 perspexit,

308 669 799 755 transponendi.
843 665 1165 733 Vocabulo
1204 672 1467 731 τοιαῦτα
1490 715 1507 744 ,
1548 668 1717 752 quod
1761 689 1927 733 nunc
1975 669 2206 734 bonam
2251 672 2722 755 interpretatio-

322 795 481 838 nem
539 796 662 838 non
726 774 1015 839 admittit
1033 822 1048 850 ,
1098 795 1131 839 e
1182 773 1351 838 dicto
1398 773 1718 858 Apollinis
1765 776 2063 841 restituto
2109 775 2336 840 idonea
2381 776 2721 861 explicatio

322 881 644 946 reddenda
691 887 807 947 est.
858 881 1186 945 Lacunam
1233 879 1487 966 explere
1535 888 1799 945 conatus
1848 903 2028 958 sum,
2079 882 2156 946 de
2204 904 2328 967 qua
2375 904 2444 948 re
2479 889 2555 947 ut
2595 886 2722 950 viri

326 985 519 1050 docti.
552 990 786 1052 rectius
830 986 1112 1051 iudicare
1159 989 1435 1072 possint,
1483 990 1809 1073 integram
1856 987 2336 1055 altercationem
2383 990 2670 1055 subiicio.
2709 1036 2720 1043 -

607 1102 742 1156 XO.
793 1093 897 1156 καὶ
949 1092 1071 1171 μὴν
1120 1092 1383 1171 βαρεῖαν
1434 1091 1597 1166 τήνδ’
1645 1093 1896 1168 ὁμιλίαν
1942 1093 2154 1174 χθονὸς

550 1396 555 1399 ¹
598 1313 735 1369 An.

605 1525 737 1581 xo,

595 1738 731 1800 An.

604 1950 735 2005 xo,

595 2163 731 2218 An.

604 2374 734 2429 xo,

599 2586 729 2642 ΛΠ.

602 2799 734 2853 xo,

591 3011 726 3066 An.

597 3222 730 3277 xo,

589 3434 726 3489 ΛΠ.

782 1198 1142 1277 ξύμβουλός
1190 1199 1315 1275 εἶμι
1366 1198 1668 1275 μηδαμῶς
1719 1198 2055 1274 άτιμάσαι.

786 1304 1047 1381 κᾶγωγε
1096 1306 1413 1383 χρησμοὺς
1464 1304 1603 1377 τοὺς
1655 1304 1836 1380 ε’μούς
1889 1329 1959 1368 τε
2007 1304 2111 1369 καὶ
2162 1307 2306 1379 Διὸς

780 1410 1039 1491 ταρβεῖν
1087 1410 1313 1475 κελεύω
1364 1411 1507 1487 μηδ’
1557 1412 1957 1488 ἀκαρπώτους
2010 1413 2244 1477 κτίσαι.

789 1518 936 1580 άλλ’
991 1518 1311 1594 αἱματηρὰ
1363 1516 1701 1593 πράγματ’
1751 1520 1814 1581 ὀὐ
1864 1519 2084 1597 λαχὼν
2129 1519 2374 1595 σέβεις,

780 1630 1049 1699 μαντεῖα
1109 1622 1163 1685 δ’
1210 1624 1403 1685 οὐκέθ’
1453 1624 1624 1699 ἁγνοὶ
1673 1623 2007 1698 μαντεύσει
2059 1625 2273 1699 νέμων.

782 1725 819 1802 ἦ
866 1728 972 1793 καὶ
1022 1730 1229 1807 πατήρ
1284 1753 1344 1793 τι
1394 1728 1765 1808 σφάλλεται
1811 1730 2262 1807 βουλευμάτων

779 1834 1236 1915 πρωτοκτόνοισι
1284 1844 1694 1913 προστροπαῖς
1745 1834 2016 1913 Ἰξίονοςς

788 1938 949 2021 ὕπνῳ
998 1942 1294 2018 κυνηγοὺς
1348 1942 1523 2021 κάρτ’
1576 1941 1885 2015 έκηλήσας
1936 1942 2113 2019 θεὰς,

781 2047 884 2111 τὸν
931 2046 1370 2128 προστρόπαιον
1419 2053 1809 2123 πλημμελῶς
1859 2044 2064 2127 σῴζειν
2113 2045 2316 2112 θέλων.

784 2150 818 2227 ἦ
864 2157 1071 2218 ταῦτα
1121 2155 1326 2231 δρῶντι
1379 2155 1530 2222 Ζεὺς
1582 2161 1856 2218 συναινεῖ
1893 2178 1994 2228 μοι
2046 2156 2291 2233 πατήρ·

779 2260 973 2339 Φονας
1025 2261 1291 2325 διώκουσ’
1338 2261 1404 2324 οὐ
1453 2259 1618 2333 δίκην
1670 2260 1820 2334 ὁμοῦ
1871 2259 2042 2329 τίεις.

787 2367 1024 2429 τοιαῦτ’
1073 2364 1333 2444 ἔδρασας
1383 2368 1486 2431 καὶ
1542 2366 1801 2443 Φέρητος
1853 2366 1913 2429 έν
1963 2364 2200 2441 δόμοις·

781 2474 1015 2550 Μοίρας
1066 2470 1319 2543 ἔπεισας
1369 2472 1668 2549 άφθίτους
1719 2473 1907 2535 θεῖναι
1954 2470 2231 2548 βροτούς.

781 2576 987 2641 οὔκουν
1036 2576 1262 2641 δίκαιον
1309 2579 1411 2641 τὸν
1461 2576 1705 2653 σέβοντ’
1756 2578 2120 2655 εὐεργετεῖν,

780 2680 985 2753 ἄλλως
1037 2706 1105 2746 τε
1147 2670 1399 2755 ’πάντως
1448 2680 1617 2764 χῶτε
1668 2680 1944 2758 δεόμενος
1991 2682 2168 2762 τύχοι
2191 2702 2210 2760 3

784 2790 860 2854 σύ
907 2813 994 2854 τοι
1046 2791 1331 2860 παλαιάς
1382 2790 1680 2867 διανομὰς
1733 2790 2136 2869 καταφθίσας

777 2895 905 2976 οἴνῳ
954 2896 1435 2974 παρηπάφησας
1488 2897 1766 2977 ἀρχαίας
1817 2894 1980 2965 θεάς.

776 3004 851 3066 σύ
901 3025 992 3066 τοι
1042 3003 1201 3081 τάχ’
1250 3004 1355 3066 οὐκ
1406 3000 1641 3081 ἔχουσα
1697 3010 1806 3073 τῆς
1858 3000 2027 3072 δίκης
2078 3000 2254 3072 τέλος

776 3109 923 3184 έμεῖ
963 3110 1065 3174 τὸν
1112 3109 1194 3173 ἰὸν
1246 3109 1411 3173 οὐδὲν
1461 3109 1760 3189 ἐχθροῖσιν
1810 3106 2030 3187 βαρύν.

782 3213 1025 3290 λέγεις·
1080 3215 1200 3291 ἐγὼ
1251 3215 1313 3278 δὲ
1363 3217 1451 3290 μη
1499 3215 1784 3293 τύχουσα
1835 3221 1943 3287 τῆς
1997 3212 2162 3284 δίκης

774 3320 1007 3400 βαρεῖα
1052 3320 1227 3400 χώρᾳ
1272 3320 1409 3399 τῇδ’
1456 3319 1731 3394 ὁμιλήσω
1781 3319 2026 3382 πάλιν...

776 3427 923 3489 άλλ’
973 3423 1032 3489 ἓν
1082 3450 1152 3489 τε
1201 3434 1326 3495 τοῖς
1377 3427 1550 3490 νέοισι
1603 3425 1704 3488 καὶ
1755 3424 2154 3500 παλαιτέροις

780 3530 928 3602 θεοῖς
978 3528 1201 3608 ἄτιμος
1250 3527 1310 3594 εἶ
1351 3531 1463 3596 σύ·
1514 3528 1836 3604 νικήσω’δ’
1888 3528 2034 3606 ἐγώ.

406 3732 686 3796 Eumen.
737 3730 774 3798 '7
783 3729 889 3798 78.

772 3839 836 3902 ἰὼ
870 3837 997 3902 -θεοὶ
1049 3838 1349 3923 νεώτεροι,
1402 3840 1713 3910 παλαιοὺς
1766 3838 1979 3914 νόμους

775 3943 1255 4009 καθιππάσασθε
1304 3945 1426 4008 κάκ
1474 3951 1667 4025 χερῶν
1718 3939 1952 4007 εἵλεσθέ
2002 3965 2139 4019 μου.

236 4043 245 4050 ’
303 4049 477 4113 Post
540 4043 773 4111 εἵλεσθέ
836 4072 952 4133 μου
1016 4070 1277 4140 versum
1328 4050 1539 4114 deesse
1587 4053 1757 4114 recte
1805 4049 1972 4114 vidit
2017 4047 2320 4112 Abresch.
2370 4043 2698 4110 Wecklein

302 4141 577 4238 supplet
648 4155 749 4216 τὸν
819 4156 1266 4233 μητροφόντην,
1339 4158 1669 4242 aptissime
1734 4157 1788 4218 si
1853 4153 2007 4239 quid
2068 4152 2287 4229 vide0‚
2353 4151 2462 4216 sed
2523 4150 2702 4214 addit

302 4262 515 4325 etiam
562 4258 665 4322 τὸν
713 4259 921 4335 γένους
965 4260 1312 4340 μιάστορα,
1351 4261 1523 4346 quod
1562 4259 1830 4324 mirifice
1873 4258 2179 4345 languere
2221 4257 2385 4321 mihi
2423 4255 2698 4321 videtur.

304 4365 533 4430 Furiis
600 4385 806 4441 nunc,
876 4364 993 4430 lite
1063 4369 1196 4430 iam
1265 4367 1481 4444 finita,
1553 4388 1678 4431 non
1751 4366 1827 4429 de
1897 4365 2168 4428 facinore
2242 4362 2515 4438 Orestis,
2591 4363 2702 4446 qui

300 4471 586 4535 domum
651 4475 717 4534 et
776 4491 983 4556 genus
1042 4474 1508 4556 inquinaverit,
1579 4471 1918 4536 dicendum
1981 4475 2112 4546 est,
2178 4469 2286 4534 sed
2344 4468 2420 4533 de
2465 4469 2700 4532 iniuria
