3351 5463
709 393 838 457 120
1550 412 1636 457 nn
1682 410 1841 458 Loco
1882 408 2236 457 0101130103.

704 598 783 640 110
830 578 1064 640 creatio
1107 596 1421 641 novorum
1469 576 1878 639 tribunorum
1923 576 1988 638 in
2037 574 2376 638 discrimen
2422 577 2759 638 vocaretur
2805 575 2862 637 si
2906 571 3082 657 plebs

703 702 831 745 non
874 682 1133 746 haberet
1179 682 1411 765 quibus
1457 702 1607 745 eum
1653 682 1959 744 honorem
2010 679 2242 743 deferri
2278 678 2520 745 liceret.
2561 678 2765 743 Verba
2802 674 3084 762 Appiani

704 793 921 851 autem
982 789 1076 850 ita
1133 786 1607 870 interpretanda
1667 803 1800 850 esse
1859 791 1937 848 ut
1984 785 2241 849 fecerim
2290 790 2365 849 ut
2391 785 2490 873 ,ad
2523 784 2938 870 prqfessionis
2981 805 3085 849 ne-

704 894 1065 957 cessitatem
1136 878 1508 968 referantur,
1580 890 1766 956 facile
1832 890 1998 953 mihi
2067 910 2476 954 concessurus
2539 895 2635 954 est
2696 892 3083 973 quicumque

702 1000 1132 1082 reputaverit,
1197 996 1444 1061 nullam
1508 999 1822 1061 rationem
1881 996 2077 1059 fuisse
2141 1016 2254 1059 cur
2314 993 2416 1059 lex
2480 998 2880 1080 permitteret
2924 1000 2998 1058 ut
3047 1015 3085 1058 a

702 1101 969 1187 reliquis
1012 1102 1483 1166 condicionibus
1520 1101 1838 1187 legitimis
1877 1100 2274 1165 recederetur
2311 1104 2368 1165 si
2404 1103 2585 1186 copia
2607 1100 3085 1165 candidatorum

704 1228 831 1272 non
894 1211 1058 1271 esset
1074 1228 1090 1284 3
1154 1227 1304 1271 nam
1365 1208 1704 1271 hominum
1770 1205 1845 1269 de
1893 1205 2075 1290 plebe
2120 1209 2231 1291 qui
2277 1206 2390 1269 has
2437 1206 2834 1269 condiciones
2879 1204 3085 1288 exple-

702 1318 881 1389 rent,
931 1333 1087 1396 quos
1136 1312 1422 1375 tribunos
1470 1312 1673 1376 facere
1723 1315 1938 1396 posset
1984 1310 2164 1396 plebs
2213 1313 2508 1394 quamvis
2557 1332 2707 1373 eum
2753 1312 3088 1394 magistra-

706 1422 850 1481 tum
889 1437 1011 1480 non
1054 1422 1343 1500 peterent
1360 1463 1376 1494 ,
1420 1419 1575 1480 satis
1613 1436 1924 1501 magnam
1962 1418 2118 1500 quin
2157 1418 2355 1479 etiam
2391 1416 2798 1478 innumeram
2838 1416 3086 1499 copiam

706 1542 955 1606 semper
1016 1520 1227 1585 adfore
1290 1524 1442 1585 satis
1506 1528 1756 1585 certum
1803 1525 1971 1596 erat3
2037 1519 2200 1583 nihil
2245 1524 2382 1584 erat
2429 1540 2542 1583 cur
2584 1519 2690 1583 lex
2735 1518 2909 1604 plebi
2956 1540 3090 1603 per·

705 1628 997 1691 mitteret
1054 1631 1130 1688 ut
1191 1631 1335 1689 tum
1396 1647 1463 1689 30
1510 1629 1790 1691 verteret
1837 1624 1918 1689 ad
1962 1624 2258 1688 creandos
2303 1625 2477 1689 viros
2524 1626 2934 1708 potissimum
2977 1625 3088 1707 qui

704 1734 840 1795 iam
899 1733 1069 1793 intra
1138 1729 1356 1794 decem
1424 1732 1778 1814 superiores
1847 1749 2038 1792 annos
2108 1729 2353 1792 tribuni
2423 1728 2695 1792 fuissent
2716 1776 2732 1805 ,
2796 1733 2909 1793 aut
2978 1730 3088 1812 qui

709 1834 911 1901 alium
959 1837 1414 1921 magistratum
1454 1840 1784 1921 gererent,
1827 1838 1938 1898 aut
1974 1832 2185 1897 hercle
2226 1836 2423 1898 etiam
2463 1833 2542 1897 ad
2580 1836 2752 1899 viros
2792 1835 3091 1918 patricios

708 1941 817 2007 vel
880 1942 992 2025 qui
1052 1944 1375 2025 praeterea
1422 1940 1820 2005 condiciones
1866 1939 2196 2023 legitimas
2241 1960 2369 2003 non
2416 1938 2759 2023 explerent.
2831 1938 2953 2016 At,
3003 1941 3096 2001 in-

710 2050 887 2132 quis,
936 2048 1053 2111 hac
1096 2045 1239 2132 lege
1288 2047 1450 2111 freta
1495 2046 1677 2132 plebs
1723 2066 1778 2110 a.
1824 2044 1952 2109 123
1995 2043 2066 2110 O.
2110 2042 2475 2110 Gracchum
2513 2045 2850 2109 tribunum
2885 2043 3092 2129 plebis

710 2154 931 2220 refecit
994 2174 1144 2216 cum
1206 2153 1603 2217 condiciones
1664 2151 1992 2237 legitimas
2055 2172 2182 2215 non
2243 2149 2562 2235 expleret,
2611 2149 2716 2213 lex
2765 2152 2973 2235 igitur
3019 2169 3091 2213 eo

710 2260 1093 2344 pertinuerit
1155 2278 1405 2322 necesse
1467 2262 1563 2320 est
1611 2262 1686 2320 ut
1729 2257 1848 2321 1130
1896 2255 2273 2321 tollerentur
2303 2254 2370 2335 ¹).
2420 2254 2659 2318 Verum
2709 2256 2798 2331 si,
2848 2259 2924 2318 ut
2972 2274 3092 2339 ego

712 2361 1022 2428 contendo
1044 2410 1059 2438 ‚
1130 2362 1235 2426 lex
1300 2361 1486 2425 illam
1547 2361 1980 2425 condicionem
2042 2362 2445 2447 professionis
2506 2359 2710 2424 solam
2772 2358 3093 2424 sublatam

713 2490 846 2533 esse
913 2471 1106 2532 iussit
1173 2470 1228 2531 si
1297 2468 1781 2532 candidatorum
1855 2470 1965 2551 qui
2027 2468 2295 2551 professi
2357 2471 2567 2531 essent
2629 2471 2793 2529 esset
2839 2468 3092 2550 inopia,

712 2577 954 2639 mirum
1022 2596 1149 2637 non
1215 2579 1310 2637 est
1372 2573 1693 2637 Romanos
1755 2593 1898 2637 eam
1957 2571 2174 2657 legem
2234 2574 2328 2635 ita
2374 2571 2801 2652 interpretatos
2849 2592 2972 2633 esse
3019 2574 3097 2633 ut

710 2680 966 2766 plebem
1014 2684 1158 2744 tum
1196 2698 1452 2764 prorsus
1490 2677 1759 2743 liberam
1803 2698 1938 2743 esse
1980 2676 2443 2742 contenderent.
2491 2675 2659 2741 Nam
2696 2676 3098 2761 professionis

712 2787 1051 2850 necessitas
1114 2785 1235 2848 hoc
1297 2786 1593 2868 inprimis
1653 2783 1944 2860 valebat,
2010 2788 2083 2847 ut
2145 2782 2632 2867 magistratibus
2679 2783 2790 2866 qui
2835 2782 3098 2846 comitia

712 2890 998 2953 habituri
1058 2894 1267 2952 essent
1331 2891 1511 2972 copia
1574 2893 1740 2952 esset
1802 2887 2027 2973 populi
2076 2893 2360 2972 tempore
2409 2886 2826 2964 admonendi,
2875 2907 2940 2950 30
2989 2885 3098 2950 ali-

714 2997 897 3060 cuius
946 2995 1071 3058 viri
1120 2995 1230 3078 qui
1270 3000 1485 3058 contra
1524 2993 1737 3079 legem
1777 2999 2021 3077 peteret
2057 2996 2369 3057 rationem
2409 3015 2535 3058 non
2575 3012 2708 3056 esse
2745 2992 3095 3057 habituros.

714 3101 891 3165 Haec
952 3101 1133 3183 copia
1193 3119 1340 3163 cum
1402 3098 1652 3163 sublata
1716 3105 1912 3175 esset,
1963 3103 2454 3163 consentaneum
2501 3103 2636 3161 erat
2682 3099 2877 3162 etiam
2909 3097 3098 3181 facto

716 3205 1037 3272 sublatam
1098 3225 1233 3269 esse
1294 3205 1502 3270 videri
1564 3208 2009 3270 necessitatem
2072 3203 2356 3288 alioquin
2416 3203 2906 3287 magistratibus
2950 3201 3098 3287 lege

712 3313 1123 3396 impositam,
1174 3316 1238 3373 et
1282 3313 1385 3374 ius
1430 3310 1575 3396 lege
1623 3311 1716 3373 eis
1765 3330 2133 3373 concessum
2154 3357 2170 3385 ,
2214 3329 2340 3372 non
2387 3305 2794 3373 renuntiandi
2840 3327 2946 3370 003
2987 3309 3100 3390 qui

717 3417 1038 3501 suffragiis
1099 3413 1305 3499 plebis
1367 3414 1639 3498 praelati
1686 3419 1894 3478 essent
1941 3435 2089 3477 cum
2137 3413 2530 3477 condiciones
2575 3433 2703 3476 non
2750 3411 3100 3495 explerent.

715 3522 855 3586 Hoc
912 3519 1104 3583 modo
1163 3522 1371 3604 igitur
1432 3523 1586 3583 satis
1649 3519 2043 3583 declaratum
2106 3523 2202 3582 est
2247 3518 2563 3603 quomodo
2611 3516 2717 3581 lex
2765 3537 2925 3601 quae
2970 3538 3100 3582 non

715 3626 980 3711 professi
1044 3625 1350 3707 cuiusque
1414 3629 1583 3698 certo
1644 3625 1922 3709 quodam
1984 3643 2133 3687 casu
2193 3625 2508 3687 rationem
2554 3622 2776 3687 haberi
2823 3623 3098 3698 sineret,

717 3730 950 3812 oblique
1012 3727 1287 3792 effecerit
1349 3733 1425 3791 ut
1488 3734 1629 3792 tum
1695 3731 1889 3793 etiam
1954 3749 2174 3792 eorum
2223 3730 2385 3792 ratio
2433 3726 2776 3791 haberetur
2824 3747 3104 3811 quorum

718 3835 796 3899 ob
844 3832 1000 3898 alias
1048 3852 1267 3896 causas
1305 3853 1429 3896 non
1464 3831 1720 3910 liceret,
1764 3854 1968 3917 neque
2010 3853 2168 3918 opus
2208 3838 2304 3896 est
2345 3832 2592 3896 credere
2635 3830 2804 3916 quod
2842 3852 3104 3914 prorsus

717 3937 1088 4004 incredibile
1137 3941 1265 4014 est,
1315 3937 1527 4023 legem
1574 3937 1802 4000 directe
1849 3959 2067 4004 omnes
2107 3937 2502 4002 condiciones
2541 3941 2685 4000 tum
2721 3957 2848 4000 non
2885 3935 3106 4000 valere

716 4046 995 4109 iussisse.
1059 4041 1298 4105 Verum
1364 4063 1514 4105 cum
1575 4061 1647 4106 ea
1706 4041 1811 4106 lex
1873 4044 2004 4106 iam
2066 4063 2122 4107 a.
2193 4041 2317 4105 123
2383 4041 2610 4117 fuerit,
2661 4045 2910 4104 constat
2957 4059 3105 4104 eam

720 4150 1151 4215 condicionem
1199 4148 1604 4232 professionis
1647 4149 1782 4210 iam
1829 4153 1974 4211 tum
2019 4146 2317 4212 valuisse.

810 4255 934 4319 His
994 4254 1360 4337 praemissis
1421 4251 1607 4316 redeo
1668 4252 1748 4316 ad
1811 4253 2002 4318 verba
2067 4249 2388 4318 Ciceronis
2437 4272 2598 4340 quae
2643 4251 2833 4316 initio
2881 4249 3103 4316 attuli.

791 4485 838 4545 1)
872 4481 972 4530 efr.
1010 4479 1286 4528 Mommsen
1320 4476 1615 4526 Staatsrecht
1652 4477 1681 4524 1
1717 4491 1763 4540 p.
1801 4474 1899 4528 473
1936 4475 2044 4525 adn.
2077 4477 2124 4526 4.
