3351 5463
1292 370 1683 420 AESOHYLUS.
2585 346 2673 414 43

388 535 548 604 Cho.
603 535 734 602 698
781 542 881 601 νῦν
927 535 1002 614 δ’,
1052 533 1202 614 ἥπερ
1249 537 1310 599 ἐν
1358 535 1590 612 δόμοισι
1634 535 1957 615 βακχείας
2008 541 2267 608 καλῆς

775 643 972 722 ἰατρὸς
1026 641 1201 714 ἐλπὶς
1252 637 1319 715 ἦν
1366 646 1789 718 παροῦσάν
1840 639 2244 720 ἔγγραφε.

291 746 612 813 Plurimis
676 767 832 832 quas
888 750 1168 813 recenset
1231 746 1504 833 Blaydes
1565 767 1713 834 pag.
1764 744 1894 813 257
1936 767 2028 831 sq.
2092 746 2469 812 coniecturis
2516 742 2676 808 addo

294 854 462 920 hanc
505 875 743 920 novam

773 964 872 1024 νῦν
920 959 990 1038 δ’,
1043 955 1191 1038 ἥπερ
1233 959 1290 1022 ἕν
1335 958 1565 1046 δόμοισι
1608 957 1931 1036 βακχείας
1980 955 2231 1038 ζάλης
2282 955 2675 1040 (Emporius)

774 1064 978 1142 ἰάτρὸς
1032 1064 1206 1135 ἐλπὶς
1261 1061 1325 1136 ἦν
1374 1065 1659 1142 πάρος,
1713 1063 2155 1143 διάγράφε.

292 1169 505 1236 Verbo
573 1173 905 1236 notissimo
976 1191 1010 1236 e
1078 1172 1337 1256 tragicis
1395 1191 1551 1235 usus
1615 1175 1714 1234 est
1773 1168 2111 1255 Euripides
2174 1167 2408 1234 Electr.
2478 1162 2672 1232 1072.

289 1277 510 1341 Possis
557 1279 788 1352 etiam,
837 1278 894 1341 si
939 1278 1182 1352 mavia,
1233 1275 1604 1354 πάροιθε,
1654 1273 2098 1353 διάγράφε.
2202 1333 2210 1341 .

391 1471 547 1539 Cho.
599 1469 729 1539 '754
777 1472 1032 1553 τρόπῳ
1085 1471 1321 1551 Φρενός.
1371 1472 1647 1558 Blaydes
1693 1492 1840 1557 pag.
1883 1469 2014 1574 259
2067 1469 2326 1550 »πόρῳ
2374 1477 2480 1548 (Dp.
2523 1471 2592 1548 (i.
2619 1489 2673 1533 e.

291 1581 680 1660 coniectura)
717 1579 1172 1675 Herwerden''.
1222 1579 1467 1644 Eodem
1507 1599 1697 1643 sensu
1737 1578 1927 1642 scribi
1964 1582 2176 1664 potest
2224 1575 2495 1653 στόχῳ
2543 1580 2671 1653 φρ.,

293 1683 442 1750 coll.
490 1685 713 1771 Suppl.
762 1685 915 1751 240.
966 1685 1146 1764 Quod
1193 1685 1505 1770 vulgatur
1551 1705 1739 1749 sensu
1786 1703 2036 1748 cassum
2084 1686 2199 1746 est.

392 1885 552 1953 Oho.
606 1886 733 1954 '¹795
963 1889 1055 1961 τίς
1107 1887 1183 1954 ἂν
1233 1885 1563 1967 σῳζόμενον
1610 1887 1826 1966 ῥυθμὸν

955 1998 1169 2058 τοῦτ’
1218 1993 1420 2058 ἰδεῖν
1471 1992 1816 2056 δάπεδον

957 2098 1258 2176 άνομένων
1305 2099 1610 2175 βημάτων
1655 2096 1929 2176 <heyam

295 2204 745 2269 Audacissime
786 2204 1110 2270 Wecklein
1163 2206 1241 2268 τί
1286 2203 1340 2267 δ’
1393 2201 1805 2268 ἃν-τόδε
1858 2201 2011 2265 θέοι
2060 2199 2463 2277 γάπεδον,
2525 2220 2673 2263 cum

293 2309 515 2376 multo
575 2310 782 2376 lenius
844 2314 1046 2397 possis
1091 2311 1188 2382 τίς
1235 2309 1310 2375 ἂν
1356 2347 1442 2358 -
1482 2314 1651 2373 τοῦτ’
1698 2308 1809 2372 ἴδοι
1861 2308 1997 2371 κὰπ·
2044 2306 2243 2383 πέδον,
2292 2304 2458 2390 quod
2506 2306 2676 2370 suasi

294 2415 550 2481 Mnem.
598 2415 655 2480 V
700 2423 789 2497 (n.
841 2422 920 2496 s.)
965 2437 1114 2504 pag.
1169 2415 1318 2482 190.

394 2595 550 2664 cho.
619 2595 749 2661 954
812 2598 1023 2679 χθονὸς
1091 2599 1186 2661 ἐπ’
1249 2596 1501 2676 ἔχθει.
1568 2595 1843 2681 Blaydes
1908 2594 2105 2681 ,‚Leg.
2170 2595 2511 2673 ὃμφοιλῷ”.
2580 2593 2682 2658 Ita

288 2707 436 2771 iam
481 2701 775 2772 Schuetz.
823 2703 1088 2790 Recepit
1135 2702 1484 2772 Wecklein.

398 2884 553 2952 0110.
585 2884 715 2951 978
741 2884 1097 2964 ξυνώμοσαν
1123 2886 1262 2969 μὲν]
1288 2885 1566 2971 Blaydes
1595 2883 1991 2962 »ξυνώμοσαν
2034 2884 2139 2961 γά
2158 2910 2187 2965 ρ
2226 2884 2679 2950 Herwerden'’.

285 2991 488 3071 Quod
552 2996 615 3055 et
677 2991 867 3056 hodie
929 2995 1317 3077 requirerem
1338 3039 1353 3068 ‚
1421 2994 1476 3055 si
1539 3012 1654 3077 pro
1717 2993 2014 3078 genuinis
2059 2991 2359 3056 haberem
2402 2991 2571 3055 hunc
2618 2994 2683 3053 et

281 3102 675 3181 sequentem
720 3119 1000 3163 versum.
1059 3096 1569 3181 Explicationem
1618 3099 1942 3161 continent
1987 3100 2363 3182 neutiquam
2407 3115 2683 3162 necessa-

277 3206 469 3269 riam
515 3204 1026 3288 praecedentium

776 3309 948 3388 φίλοι
997 3310 1058 3373 δὲ
1108 3312 1208 3372 κά)
1258 3313 1376 3384 νῦν,
1426 3309 1501 3377 ὥς
1552 3307 1878 3372 ἐπεικάσαι
1929 3307 2109 3371 πάθει

777 3414 1096 3492 πάρεστιν,
1147 3412 1308 3493 ὅρκος
1360 3415 1417 3476 τ’
1468 3412 1717 3489 ἐμμένει
1768 3413 2177 3489 πιστώμασιν,

280 3517 474 3606 quod
520 3540 669 3584 vero
715 3522 898 3604 peius
945 3524 1043 3584 est
1062 3569 1078 3598 ,
1126 3518 1384 3584 additur
1432 3517 1600 3602 quod
1645 3518 1885 3584 falsum
1929 3522 2025 3583 est

775 3624 1248 3701 ξυνώμοσαν
1292 3625 1406 3701 μὲν
1454 3624 1711 3688 θάνατον
1762 3625 1948 3703 άθλίῳ
1996 3622 2182 3702 worp}

776 3730 908 3794 καὶ
959 3728 1570 3805 ξυνθάνεῒσθάι·
1624 3730 1725 3793 καὶ
1778 3728 1907 3795 τόδ’
1959 3730 2205 3808 εὐόρκως
2261 3727 2417 3807 ἔχει.

279 3837 586 3903 Ubinam
655 3856 884 3921 quaeso
952 3836 1230 3901 traditur
1298 3841 1411 3901 aut
1473 3836 1640 3900 unde
1704 3842 1963 3922 apparet
2026 3833 2565 3922 Clytaemestram
2614 3841 2680 3900 et

281 3941 694 4029 Aegisthum
740 3942 854 4007 tali
903 3963 968 4006 se
1013 3950 1405 4008 sacramento
1451 3939 1806 4028 obligasse?

391 4122 559 4191 Che.
627 4123 800 4188 1014
863 4125 1087 4203 iay&
1155 4126 1268 4201 μὲν
1329 4122 1485 4211 ἔργα
1552 4126 1682 4190 κτὲ.
1744 4125 1817 4190 Ε.
1847 4127 1923 4189 Α.
1991 4124 2068 4190 de
2130 4128 2452 4189 structura
2496 4126 2679 4189 verbi

279 4236 532 4309 ἀλγεῖν
596 4251 746 4294 cum
811 4234 1169 4297 accusativo
1232 4232 1560 4309 dubitanS‚
1623 4233 1729 4297 hic
1777 4256 1812 4294 κ
1832 4247 1868 4293 λ
1888 4230 1991 4295 άω
2038 4231 2421 4317 reponebam
2440 4279 2455 4308 ,
2506 4231 2673 4317 apud

281 4334 686 4423 Sophoclem
734 4357 884 4401 vero
929 4340 998 4400 in
1045 4338 1246 4419 Aiace,
1280 4335 1404 4403 '791
1459 4335 1674 4415 προῖξ-ἰν
1727 4336 1808 4411 ἣν
1850 4338 2077 4413 &Arno-⁹
2116 4338 2237 4414 ἐγὼ
2279 4338 2673 4423 corrigebam

277 4442 350 4521 ἧς
375 4492 396 4521 ,
451 4447 530 4507 ut
575 4445 662 4507 sit
707 4445 1046 4529 genetivus
1095 4443 1401 4521 causalis,
1451 4442 1594 4509 coll.
1646 4442 1877 4528 Agam.
1931 4440 2081 4520 554,
2130 4442 2376 4509 Hecub.
2433 4441 2626 4509 1232.
