3351 5463
647 383 779 449 362
1263 377 1269 384 ’
1683 403 2004 449 narmi-A.

637 565 943 632 mollium
962 615 978 645 ,
1028 565 1309 655 χρίεσθαι
1360 569 1558 632 etiam
1606 569 1838 634 sobriis
1885 569 2215 634 interdum
2261 573 2577 636 convenit.
2639 570 2765 636 Fac
2813 575 3031 636 autem

640 694 809 737 nunc
854 692 991 738 esse
1036 672 1277 738 factum
1326 672 1495 758 quod
1539 673 1868 739 interdum
1915 673 1990 738 fit
2033 680 2108 740 ut
2155 677 2388 740 horum
2434 677 2780 742 verborum
2819 675 3039 742 discri-
3149 703 3156 710 ·

641 799 789 844 men
858 781 1130 863 scriptor
1196 778 1554 864 neglexerit
1573 827 1589 857 ‚
1656 783 1871 845 tamen
1933 781 2318 846 mirabimur
2389 783 2558 867 quod
2618 782 2900 847 traditur
2957 781 3037 846 de

640 888 855 952 unctis
916 885 1283 971 corporibus
1296 905 1314 963 3
1377 905 1502 950 non
1566 887 1742 949 enim
1801 885 1956 950 haec
2003 890 2325 953 matutino
2372 892 2662 972 tempore
2709 887 2875 952 fiunt
2920 907 3037 951 nec

640 1013 778 1058 sese
838 996 1064 1077 parant
1124 991 1204 1056 ad
1266 1011 1589 1078 pugnam,
1654 991 1764 1056 sed
1829 996 1973 1077 post
2017 1012 2279 1059 coenam
2327 995 2675 1079 quiescent.
2749 995 3038 1079 Apparet

640 1097 797 1184 quid
854 1100 1041 1162 unice
1102 1099 1459 1162 conveniat.
1524 1097 1693 1162 Ante
1757 1117 2018 1162 coenam
2082 1118 2218 1164 sese
2263 1098 2686 1165 calefecerunt
2704 1148 2721 1178 ,
2771 1101 2889 1164 1100
2939 1103 3039 1162 est

639 1204 1074 1286 ἐθερμαίνοντο.
1145 1201 1271 1269 Sed
1338 1203 1459 1269 hoc
1526 1204 1807 1280 verbum¹
1871 1207 2197 1290 corrumpi
2260 1227 2386 1270 non
2451 1209 2668 1291 potuit
2726 1209 2805 1270 ut
2854 1204 3040 1269 fieret

639 1310 984 1389 ἠλείφοντο.
1049 1309 1219 1389 Quin
1278 1311 1488 1396 igitur
1548 1310 1889 1376 scribimus
1958 1312 2100 1385 ήλε
2126 1311 2211 1375 αί
2228 1335 2487 1388 νοντο,
2551 1331 2713 1396 quae
2759 1332 2888 1376 non
2935 1309 3042 1374 ad-

640 1417 909 1482 modum
970 1414 1249 1482 violenta
1310 1417 1589 1482 mutatio
1654 1421 1772 1482 est.
1835 1415 2110 1481 Dicitur
2173 1417 2569 1481 ἀλεαίνεσθαι
2633 1439 2758 1482 11011
2816 1405 3038 1481 minus

639 1523 798 1589 bene
860 1543 1054 1608 quam
1108 1520 1437 1599 ἀλεαίνειν,
1486 1521 2034 1606 quemadmodum
2097 1523 2320 1589 scribit
2367 1520 2648 1588 Cobetus
2695 1521 2774 1587 ad
2823 1519 3040 1587 Philo-

640 1633 917 1694 stratum
976 1649 1039 1712 p.
1090 1626 1173 1692 21
1224 1631 1444 1713 estque
1490 1623 1829 1693 Menandri
1876 1628 2317 1714 fragmentum
2366 1628 2536 1715 quod
2580 1633 2672 1694 ita
2718 1631 3038 1714 corrigen-

642 1735 801 1799 dum
845 1733 1138 1799 videtur:
1191 1732 1283 1806 ἥδ)
1333 1732 1383 1796 δ’
1432 1735 1711 1798 ἀλεαίνει
1751 1733 1898 1813 πρὸς
1939 1735 2010 1798 τὸ
2055 1739 2172 1813 πῦρ
2216 1735 2549 1810 καθημένη.
2594 1735 2824 1800 Postea
2862 1734 3039 1798 idem

642 1841 855 1925 magis
917 1839 1337 1917 θερμαίνεσθαι
1402 1837 1808 1924 appellabant
1826 1887 1843 1916 ,
1909 1841 2103 1904 sicuti
2156 1845 2252 1904 est
2296 1841 2364 1904 in
2410 1837 2768 1925 Evangelio
2817 1839 3038 1906 Sancti

641 1945 959 2010 Iohannis.
1006 1943 1284 2009 Lacones
1331 1945 1622 2010 dicebant
1669 1945 2130 2024 ἀνσερίσασθαι.

731 2048 998 2114 LXXII.
1068 2049 1229 2114 Ibid.
1277 2048 1385 2116 IV.
1437 2049 1498 2114 5.
1531 2048 1654 2113 10:
1709 2049 1900 2122 οὐδεὶς
1941 2047 2369 2131 ἀντεξῄει,
2415 2052 2519 2115 uti
2564 2055 2626 2115 et
2666 2049 2774 2116 IV.
2820 2049 2883 2115 4.
2917 2049 3037 2115 16:

644 2157 752 2223 οὐκ
800 2153 1165 2237 ἀντεξῇσαν,
1216 2155 1454 2220 dicitur
1490 2155 1607 2221 1100
1648 2157 1859 2242 magis
1901 2154 2349 2232 ἀντεπεξιέναι.
2400 2155 2638 2224 Contra
2675 2154 2814 2220 VII.
2859 2155 2923 2221 2.
2954 2154 3039 2220 12

650 2260 1119 2338 ἀντεξελθόντες
1167 2281 1293 2324 11011
1340 2254 1845 2326 sollicitaverim.

736 2366 1036 2432 LXXIII.
1106 2366 1268 2431 Ibid.
1332 2365 1439 2431 IV.
1492 2364 1554 2430 5.
1586 2366 1706 2431 19:
1774 2368 2135 2447 πράγματα
2181 2363 2438 2451 [εἶχον
2474 2359 2572 2432 ’τε
2618 2367 2782 2450 καὶ]
2831 2359 3042 2446 παρεῖ-

647 2495 762 2552 χον
808 2481 937 2545 τοῖς
984 2474 1043 2536 ἐν
1089 2473 1172 2552 τῷ
1222 2470 1383 2540 οἷς-ει.
1434 2471 1625 2538 Vides
1672 2472 1828 2558 quid
1873 2475 2226 2538 coniiciam.
2275 2473 2468 2538 Recte
2516 2473 2774 2558 quidem
2815 2474 3041 2538 eadem

646 2578 889 2644 locutio
928 2579 1291 2659 πράγματα
1334 2575 1502 2657 ἔχειν
1540 2602 1609 2642 τε
1652 2580 1756 2643 καὶ
1793 2579 2088 2658 παρέχειν
2111 2579 2446 2665 legiturin
2469 2581 2708 2646 vicinia
2730 2578 2806 2644 V.
2838 2578 2898 2643 1.
2928 2578 3037 2656 29,

633 2685 753 2751 sed
799 2683 1282 2753 Corinthiorum
1326 2683 1579 2751 exsules
1624 2705 1805 2751 oram
1849 2683 2138 2772 legentes
2182 2689 2258 2751 ut
2297 2686 2486 2751 modo
2525 2686 2632 2751 hic
2670 2685 2861 2751 modo
2899 2681 3041 2749 illi‘c

644 2792 721 2856 de
760 2793 1034 2857 navibus
1074 2790 1521 2856 descenderent
1560 2796 1625 2856 et
1665 2812 1852 2876 agros
1889 2796 2252 2870 vastarent,
2296 2791 2657 2872 πράγματα
2707 2782 3033 2872 παρεῖχον,

642 2918 757 2962 1100
802 2918 953 2962 vero
1002 2893 1195 2975 εἶχον.
3009 2888 3020 2891 ’

733 3000 1024 3067 LXXIV.
1073 3002 1233 3067 Ibid.
1274 3002 1380 3067 IV.
1426 3001 1485 3066 6.
1516 3001 1593 3065 4:
1637 3003 1700 3065 ἐν
1740 3011 1870 3074 τοῖς
1911 2992 2084 3082 ὁρίοις
2127 3010 2240 3076 τῆς
2281 3003 2629 3081 πολεμίας,
2670 3004 3034 3068 insiticium

642 3130 777 3175 esse
822 3110 1285 3181 arbitrorrfiq
1334 3106 1790 3186 πολεμίας,
1839 3108 1917 3172 cf.
1967 3107 2055 3173 IV
2105 3106 2166 3172 8.
2194 3108 2280 3173 29
2329 3113 2393 3173 et
2439 3107 2514 3172 V.
2565 3107 2764 3173 4.10.

733 3214 995 3280 LXXV.
1063 3214 1224 3278 Ibid.
1268 3211 1375 3277 IV.
1422 3212 1482 3277 6.
1515 3212 1636 3277 13:
1681 3213 1864 3278 πόλιν
1908 3212 2201 3291 οὐδεμίαν
2238 3214 2826 3293 προσειλήφει,
2865 3212 3040 3278 malo

645 3320 1175 3401 κατειλήφει.
1224 3318 1421 3384 Recte
1470 3317 1988 3399 προσλαμβάνειν
2038 3318 2284 3405 legitur
2330 3318 2488 3384 ibid.
2535 3318 2642 3383 IV.
2693 3318 2757 3384 8.
2786 3316 2894 3383 35.

732 3411 1024 3490 LXXVI.
1094 3424 1254 3490 Ibid.
1318 3422 1426 3489 IV.
1500 3422 1558 3490 ’7.
1588 3424 1665 3489 4:
1745 3427 1794 3490 εἰ
1860 3425 1973 3502 μὲν
2034 3424 2367 3502 μέλλοντος
2435 3427 2621 3490 αὐτοῦ
2687 3422 3043 3503 ἐμβάλλειν

642 3520 1207 3610 σείσειε,’κωλύειν
1250 3528 1324 3593 ἂν
1374 3530 1624 3594 αὐτὸν
1675 3531 1984 3606 ἠγεῖτο.
2033 3529 2129 3595 De
2178 3550 2252 3595 ea
2291 3531 2759 3595 constructione
2804 3528 3042 3615 dignus

642 3645 740 3705 est
787 3639 899 3725 qui
944 3637 1306 3703 conferatur
1350 3633 1815 3701 Hartmannus.
1864 3636 2034 3701 Mihi
2075 3634 2320 3720 placet:
2363 3636 2618 3701 κωλύειν
2651 3630 2733 3698 ἂν
2780 3659 2822 3699 α
2845 3634 2981 3700 ὐτὸ
3002 3659 3035 3706 ς

647 3747 885 3822 ήγοῖτ
907 3767 954 3807 ο.

734 3849 1058 3915 LXXVII.
1128 3848 1397 3914 Summo
1465 3870 1655 3935 opere
1703 3838 2161 3915 attendendum
2205 3853 2304 3912 est
2347 3847 2427 3913 ad
2475 3868 2548 3913 ea
2590 3846 2786 3912 verba
2805 3894 2821 3923 ‚
2873 3862 3038 3931 quae

640 3956 949 4043 leguntur
990 3954 1147 4020 ibid.
1196 3954 1303 4018 IV.
1353 3953 1416 4018 8.
1449 3953 1522 4019 I:
1582 3960 1699 4018 τῶν
1748 3957 1861 4030 μὲν
1909 3942 2187 4034 πράξεων
2233 3953 2353 4023 τάς
2401 3952 2516 4028 μὲν
2563 3948 3039 4029 ἀξιομνημονεύ-

644 4085 787 4135 τους
834 4061 1096 4142 γράψω,
1147 4061 1263 4130 τοὶς
1312 4060 1375 4123 δὲ
1422 4062 1511 4134 μὴ
1558 4059 1749 4138 ἀξίας
1798 4060 1986 4137 λόγου
2038 4059 2315 4138 παρήσω.
2363 4056 2578 4123 Facile
2623 4054 2842 4123 oredo:
2888 4058 3038 4141 quis

644 4171 817 4233 enim
873 4185 1185 4251 umquam
1244 4167 1613 4250 perscripsit
1678 4186 1838 4250 quae
1882 4168 2010 4251 ipsi
2055 4164 2179 4229 sibi
2225 4158 2586 4228 memoratu
2631 4162 2902 4248 indigna
2943 4162 3040 4226 vi—

646 4270 998 4339 debantur?
1062 4270 1187 4336 sed
1250 4273 1506 4336 etiamsi
1570 4274 1844 4356 scriptor
1902 4264 2046 4337 tale
2083 4269 2238 4355 quid
2285 4275 2455 4334 recte
2502 4267 2786 4354 profiteri
2831 4268 3038 4353 possit

645 4381 854 4464 operis
911 4378 1181 4441 introitu
1199 4424 1215 4453 ‚
1280 4379 1598 4461 poteritne
1644 4370 1740 4441 it'a
1786 4377 1992 4441 dicere
2039 4378 2206 4441 circa
2252 4366 2544 4439 medium
2589 4369 2793 4459 opus?
2853 4372 3036 4437 Num

641 4486 852 4571 igitur
898 4485 966 4547 in
1012 4473 1445 4567 superioribus
1493 4502 1592 4546 res
1641 4479 1868 4545 retulit
1910 4500 2072 4566 quae
2117 4472 2320 4546 etiam
2355 4481 2481 4565 ipsi
2517 4496 2750 4565 parum
2789 4476 3038 4543 memo-
