3351 5463
704 414 836 479 236
1561 430 2208 480 onsnavarmnoumn

704 597 771 659 in
820 601 991 682 (qu)o
1037 597 1154 660 loci
1200 596 1527 660 tributaria
1571 603 1929 678 aqnoecatur
1973 597 2180 661 illatio
2195 645 2212 674 ,
2260 617 2412 661 118111
2455 599 2525 661 111
2569 617 2644 662 80
2683 597 3083 683 agnoscetur,

705 725 870 787 quem
892 705 1060 785 fides
1099 725 1371 766 censuum
1409 703 1628 766 retinet
1658 701 1726 783 ¹).
1763 702 1934 767 Illud
1973 703 2149 768 dictu
2188 702 2476 769 difficile:
2519 707 2594 767 ut
2631 705 2715 766 sit
2738 702 3089 767 auctoritas

706 829 929 872 census
974 810 1041 871 in
1080 807 1376 873 finalibus
1416 811 1900 886 controversiis,
1943 809 2098 894 quid
2138 829 2211 874 88
2247 809 2324 874 (18
2364 829 2430 874 re
2468 830 2661 874 censu
2698 827 3088 894 magnopere

702 914 945 999 liquere
1006 917 1240 1000 possit,
1306 917 1361 979 si
1423 915 1685 1000 quidem
1744 915 2018 981 formula
2065 915 2382 995 censuali,
2432 936 2626 1002 quam
2673 916 2937 1001 exponit
2977 911 3092 978 Ul-

704 1022 934 1105 pianus
989 1019 1033 1084 l.
1086 1019 1126 1084 4
1173 1020 1253 1085 D.
1305 1019 1411 1085 50.
1446 1020 1549 1098 15,
1614 1041 1809 1105 quam
1857 1020 2061 1087 solam
2108 1022 2451 1098 habemus,
2499 1023 2568 1085 in
2615 1041 2878 1086 censum
2921 1017 3092 1084 nihil

704 1125 927 1190 referri
984 1124 1230 1211 legitur
1289 1125 1359 1206 (l.
1411 1124 1451 1189 4
1500 1128 1606 1190 cit.
1657 1131 1784 1212 pr.)
1848 1131 2100 1212 praeter
2161 1149 2368 1190 nomen
2410 1127 2620 1212 fundi
2665 1127 2983 1212 cuiusque,
3035 1131 3093 1188 et

704 1232 772 1296 in
825 1255 945 1316 qua
990 1231 1234 1295 civitate
1280 1239 1337 1295 et
1380 1233 1447 1296 in
1494 1255 1607 1317 quo
1638 1254 1803 1314 paqo
1853 1232 1937 1296 ait
1953 1281 1969 1310 ‚
2029 1240 2088 1296 et
2133 1255 2275 1317 quos
2323 1235 2471 1296 dacos
2515 1233 2743 1296 vicinos
2777 1232 3089 1316 proximos

704 1338 956 1412 habeat;
992 1342 1150 1423 quot
1188 1337 1414 1403 deinde
1453 1340 1757 1424 iugerum
1776 1386 1792 1416 ,
1835 1330 2018 1403 8111118
2058 1341 2145 1402 sit
2183 1341 2471 1424 generis3
2511 1342 2785 1424 quantae
2818 1338 3093 1422 denique

706 1445 1012 1528 pecuniae
1052 1445 1429 1508 aestimetur
1451 1443 1527 1524 ²).
1569 1444 1827 1509 Horum
1865 1442 2030 1509 nihil
2070 1450 2167 1508 est
2186 1493 2202 1522 ,
2245 1444 2414 1528 quod
2453 1465 2847 1532 magnopere
2887 1445 3092 1531 prosit

707 1548 863 1614 fines
908 1551 1191 1634 regenti,
1241 1569 1390 1613 nam
1407 1597 1423 1626 ,
1474 1548 1641 1634 quod
1687 1548 1932 1635 legitur
1977 1549 2148 1635 apud
2192 1548 2473 1615 Felicem
2519 1550 2595 1616 de
2640 1551 2992 1616 Robernier
3021 1547 3090 1630 ³),

711 1655 866 1719 fines
916 1656 1165 1740 regenti
1211 1654 1503 1740 prodesse
1522 1702 1537 1732 ,
1590 1655 1760 1739 quod
1805 1656 2033 1721 modus
2082 1676 2416 1740 expressus
2462 1658 2578 1733 sit,
2626 1657 2694 1721 id
2730 1656 2874 1721 ideo
2914 1654 3091 1733 dicit,

710 1763 861 1846 quia
924 1761 1093 1846 apud
1157 1759 1379 1826 Gallos
1440 1763 1507 1824 in
1558 1760 1634 1825 de
1682 1760 1870 1826 modo
1917 1763 2364 1827 controversiis
2413 1762 2738 1847 (questions
2783 1764 2859 1825 de
2905 1767 3096 1826 eonte-

674 1872 923 1947 mance)
983 1869 1152 1933 verti
1211 1866 1492 1931 creditur
1553 1866 1783 1931 finium
1846 1887 2035 1932 causa
2061 1865 2136 1948 4).
2201 1867 2264 1932 N
2264 1889 2343 1932 on
2405 1867 2552 1952 plus
2598 1868 2971 1953 proficimus
3015 1887 3097 1931 ex

709 1974 938 2039 Latino
1001 1979 1066 2038 et
1126 1973 1490 2060 Mysi-ontio
1557 1974 2101 2059 agrimensoribus
2126 1973 2200 2052 5),
2251 1973 2330 2037 8(1
2377 1994 2536 2059 quos
2581 1975 2861 2038 remittit
2909 1970 3101 2039 Cuia?

708 2081 845 2144 cius
862 2099 878 2156 ;
929 2100 1079 2144 nam
1099 2127 1114 2157 ,
1166 2080 1337 2164 quod
1379 2080 1473 2143 ibi
1517 2077 1801 2165 legimus
1849 2102 2068 2144 omnem
2115 2086 2334 2160 terram
2375 2080 2493 2145 sub
2533 2077 2838 2166 Aug-usto
2877 2101 3100 2142 remen-

712 2191 1036 2266 surenam)
1103 2205 1273 2263 esse,
1339 2190 1437 2261 et,
1502 2188 1603 2249 uti
1666 2206 1782 2269 par
1842 2191 1972 2263 est,
2021 2187 2264 2250 formae
2312 2187 2649 2262 traditam,
2699 2183 3098 2271 probabilius

712 2312 785 2356 ea
845 2311 945 2356 res
993 2290 1072 2354 ad
1118 2311 1261 2355 eam
1310 2311 1504 2374 quam
1550 2293 1837 2355 instituit
1882 2292 2172 2377 Agrippa
2197 2291 2268 2372 6),
2315 2293 2791 2377 provinciarum
2835 2291 3118 2376 imperii·

710 2419 823 2483 per
883 2397 1359 2483 longitudinem
1420 2403 1484 2461 et
1528 2396 1942 2461 latitudinem
1990 2398 2339 2462 secundum
2387 2400 2644 2462 viarum
2687 2395 3101 2481 publicarum

711 2503 1032 2569 anfractus
1057 2503 1110 2584 ⁷)
1173 2503 1662 2589 descriptionem
1682 2551 1699 2580 ,
1764 2524 1956 2588 quam
2020 2503 2100 2568 ad
2164 2506 2565 2588 privatarum
2620 2504 3101 2587 possessionum

778 2735 833 2797 1)
870 2751 911 2784 c.
948 2736 976 2783 5
1012 2735 1065 2782 C.
1100 2733 1189 2781 Th.
1226 2731 1411 2791 11.22;
1450 2733 1511 2782 cf.
1547 2729 1579 2780 1.
1616 2734 1649 2779 4
1685 2730 1758 2792 §2
1797 2734 1854 2781 D.
1893 2734 2072 2782 50.15.

779 2816 835 2879 2)
874 2816 1034 2874 Η888,
1066 2830 1188 2878 quae
1222 2813 1273 2861 in
1306 2828 1499 2862 censum
1535 2813 1708 2861 referri
1743 2813 1974 2871 diximus,
2011 2812 2187 2862 deferri
2221 2813 2444 2863 videntur
2477 2828 2506 2862 8
2538 2812 2898 2879 possessoribus,
2929 2812 3104 2861 deinde

713 2913 740 2945 a
786 2896 1021 2944 censitote
1067 2894 1153 2943 sub
1196 2893 1596 2957 inquisition(em)
1649 2893 1715 2957 (c.
1755 2895 1783 2941 5
1821 2894 1879 2945 C.
1914 2895 2001 2943 Th.
2041 2894 2120 2942 13.
2142 2895 2224 2955 10)
2269 2895 2453 2953 vocari,
2487 2895 2616 2957 quod
2651 2894 2825 2943 vividis
2857 2893 3104 2943 coloribus

710 2979 931 3043 pingitur
964 2993 991 3026 a
1024 2976 1275 3025 Lactantio
1313 2975 1377 3039 (8.
1414 2976 1477 3025 23
1515 2976 1573 3023 (18
1610 2978 1754 3024 mort.
1789 2978 1989 3041 perseo.)
2005 3014 2019 3035 ,
2067 2978 2115 3023 et
2149 2978 2307 3040 potest
2341 2975 2578 3025 illustrari
2611 2975 2841 3040 exemplis
2875 2975 3108 3040 Aegypti-

712 3060 809 3109 acis
852 3060 991 3124 (Pap.
1030 3058 1191 3109 Berol.
1232 3060 1311 3116 52,
1345 3055 1426 3116 97,
1463 3058 1573 3115 139,
1610 3057 1722 3113 192,
1754 3059 1879 3117 352;
1919 3056 2165 3116 Wilcken,
2205 3056 2373 3107 Herm.
2412 3057 2630 3106 XXVIII
2665 3058 2841 3120 (1893)
2875 3074 2924 3122 p.
2961 3058 3105 3118 240).

715 3141 1085 3205 [aquisitionem
1119 3141 1202 3205 qui
1238 3139 1540 3204 impedierit,
1576 3139 1807 3204 plectitur
1844 3157 1883 3189 8.
1921 3142 1951 3189 3
1987 3140 2155 3201 (Goth.
2186 3140 2242 3204 2)
2271 3141 2324 3189 0.
2343 3141 2430 3189 Th.
2463 3140 2623 3190 13.11
2651 3162 2700 3181 =
2726 3156 2767 3189 8.
2798 3141 2827 3188 8
2860 3140 2914 3188 Ο.
2938 3140 3016 3189 11.
3039 3140 3104 3187 58

715 3224 845 3288 (57),
882 3226 995 3273 dum
1030 3222 1168 3287 queri
1201 3221 1485 3287 prohibetur
1522 3223 1579 3270 de
1614 3238 1833 3271 censuum
1861 3223 2060 3287 mod(0),
2087 3237 2221 3287 quem
2252 3260 2263 3271 .
2286 3260 2296 3271 .
2320 3260 2332 3272 .
2353 3260 2364 3271 .
2391 3226 2706 3286 peraequator
2731 3221 3106 3285 apposuerit.—

713 3305 996 3356 Pecuniaria
1042 3304 1312 3354 aestimatio
1347 3320 1443 3354 non
1476 3303 1721 3354 invenitur
1754 3304 1806 3352 iu
1840 3303 2212 3368 professionibus
2246 3304 2568 3369 Aegyptiacis,
2615 3302 2702 3352 sub
2741 3303 2974 3352 Romanis
3009 3305 3107 3352 uti-

713 3405 828 3453 que,
866 3389 947 3437 sed
981 3388 1228 3437 invenitur
1260 3387 1311 3435 in
1346 3389 1507 3436 vetere
1542 3386 1833 3450 professione
1869 3387 2036 3435 domus
2071 3387 2210 3449 (Pap.
2247 3387 2396 3435 Lond.
2431 3387 2485 3444 L,
2520 3400 2661 3449 quem
2697 3384 2849 3434 edidit
2877 3384 3105 3434 Wilcken

712 3471 781 3519 l.l.
821 3487 868 3534 p.
904 3471 1144 3533 2312q.):
1176 3466 1368 3525 ’ταύτην
1404 3462 1485 3516 οὖν
1520 3472 1749 3528 τιμῶμαι
1785 3464 2067 3529 (δραχμῶν)
2100 3465 2143 3513 δ’
2181 3469 2256 3529 (--
2281 3468 2450 3526 4000).

783 3555 833 3614 3)
868 3554 1047 3600 Preuve
1078 3552 1143 3598 du
1178 3549 1309 3598 droit
1351 3551 1410 3598 de
1436 3548 1684 3613 proprie'td
1716 3550 1740 3597 1
1779 3549 1952 3608 (1843)
1987 3565 2033 3612 p.
2070 3546 2163 3599 87:
2217 3550 2292 3597 uA
2327 3547 2507 3613 dessaut
2541 3549 2600 3597 de
2633 3548 2794 3596 bor-nec
2831 3584 2844 3597 .
2867 3585 2878 3596 .
2902 3586 2913 3597 .
2939 3585 2950 3597 .
2987 3545 3107 3597 c’eet

713 3632 1013 3696 l’eapressiou
1039 3633 1097 3680 de
1124 3634 1174 3679 la
1201 3635 1499 3691 contenance,
1527 3630 1558 3678 ὰ
1586 3630 1734 3679 l’aide
1761 3631 1820 3678 de
1839 3632 2042 3695 laquelle
2057 3646 2116 3679 on
2124 3635 2244 3693 peut
2257 3630 2547 3695 quelquefois
2564 3627 2767 3677 re‘tablir
2783 3631 2852 3679 les
2867 3627 3082 3679 limites”
3096 3673 3111 3687 ,

780 3716 837 3769 4)
874 3711 1155 3769 Roberuier,
1195 3727 1271 3775 op.
1308 3710 1389 3759 cit.
1426 3712 1454 3760 I
1487 3728 1533 3776 p.
1570 3711 1808 3763 264-273.
3065 3772 3068 3775 ἢ

784 3796 839 3859 5)
874 3796 1090 3843 Gromat.
1124 3809 1171 3856 p.
1208 3794 1305 3841 348
1340 3791 1427 3841 lin.
1465 3794 1573 3857 4s5.
1610 3821 1675 3829 —
1711 3793 1888 3842 Eadem
1924 3792 2139 3842 narratio
2174 3793 2354 3857 legitur
2381 3794 2433 3842 in
2460 3791 2583 3841 libro
2615 3792 2771 3843 colon.
2805 3792 2829 3839 Ῑ
2861 3794 3105 3855 (Gromat.

714 3894 760 3941 p.
798 3875 897 3925 242
930 3890 996 3923 ve.
1037 3874 1099 3921 14
1118 3874 1209 3936 sq.)
1242 3876 1291 3920 et
1327 3873 1385 3920 cf.
1425 3874 1641 3922 Gromat.
1675 3890 1724 3937 p.
1762 3875 1792 3921 8
1829 3888 1899 3922 vs.
1935 3874 2085 3923 19-21
2121 3877 2199 3933 (=
2225 3890 2270 3938 p.
2311 3875 2403 3924 111
2438 3888 2506 3921 vs.
2545 3873 2671 3937 3-5).
2721 3874 2935 3923 Nomina
2971 3890 3109 3923 men-

713 3972 875 4007 sorum
920 3958 969 4004 et
1013 3958 1230 4019 tempora
1277 3954 1517 4003 adduntur
1554 3955 1605 4003 in
1640 3954 2000 4017 cosmographia
2034 3970 2155 4017 quae
2191 3955 2368 4005 dicitur
2405 3955 2521 4005 Iulii
2554 3955 2772 4004 Caesaris
2806 3957 3110 4022 (Geograph.

714 4040 821 4089 Lat.
867 4037 983 4086 min.
1028 4053 1074 4101 p.
1126 4037 1226 4096 21),
1276 4051 1396 4098 quae
1442 4037 1531 4084 fide
1576 4037 1719 4099 digna
1761 4034 1869 4082 ideo
1913 4034 2106 4084 videtur
2150 4035 2378 4101 Philippo
2423 4036 2648 4086 Eduardo
2692 4038 2953 4097 Huschke,
2991 4039 3110 4103 quia

714 4134 855 4168 nemo
899 4119 973 4165 tot
1008 4115 1249 4166 mendacia
1284 4116 1615 4165 cumulaturus
1650 4114 1798 4163 fuerit
1830 4113 2007 4175 (Ueber
2039 4115 2129 4163 den
2157 4132 2198 4163 2.
2235 4118 2284 4165 Z.
2321 4119 2408 4167 der
2447 4118 2624 4166 Geburt
2659 4118 2768 4167 Iesu
2794 4120 2904 4183 yeh.
2941 4135 3111 4170 census

716 4200 899 4266 (1840)
934 4201 1033 4247 uot.
1072 4199 1161 4248 14:
1203 4213 1281 4247 uso
1312 4196 1586 4246 detaillirte
1620 4194 1948 4245 Naekrichten
1983 4194 2212 4261 (kbnnen)
2247 4198 2385 4247 nicht
2414 4198 2536 4248 wohl
2565 4214 2793 4249 ersonnen
2825 4198 3009 4265 eein”).

786 4280 841 4345 6)
876 4279 1041 4337 Riese,
1076 4277 1343 4341 Geograph.
1378 4278 1482 4325 Lat.
1522 4276 1635 4325 min.
1672 4291 1719 4339 p.
1759 4271 1857 4323 1-7.

784 4361 838 4425 7)
872 4360 1039 4418 Riese,
1071 4359 1142 4407 ed.
1178 4359 1259 4408 cit.
1292 4375 1339 4423 p.
1376 4359 1517 4407 XIV:
1562 4354 1840 4421 .(Partsch)
1876 4354 2095 4418 probavit
2129 4356 2349 4409 Baeticae
2383 4375 2658 4411 mensuram
2692 4361 2792 4414 473
2829 4362 3022 4429 (4771’)
3062 4368 3113 4413 et

714 4445 812 4496 256
848 4442 1041 4492 milibus
1074 4456 1128 4488 ex
1165 4440 1309 4503 longo
1344 4440 1536 4503 latoque
1568 4442 1786 4486 constare
1820 4450 1915 4483 non
1953 4435 2180 4486 dimensis
2216 4441 2360 4491 rectis
2394 4442 2535 4491 lineis
2569 4444 2652 4493 sed
2683 4444 2918 4495 itinerum
2947 4446 3112 4496 amba-

716 4522 899 4592 gibus”.
948 4522 1010 4571 Et
1052 4520 1217 4584 quaeri
1260 4523 1440 4585 potest.
1490 4518 1678 4582 antiqui
1727 4530 1848 4565 num
1891 4517 2176 4580 quandoque
2211 4534 2484 4573 mensuram
2517 4526 2890 4591 geographicam
2927 4527 3081 4579 aeriis
3108 4567 3123 4589 ,
